%% This BibTeX bibliography file was created using BibDesk.
%% http://bibdesk.sourceforge.net/


%% Created for Pei QING at 2010-06-09 20:48:27 +0800 


%% Saved with string encoding Unicode (UTF-8) 



@misc{iso2009mvc,
	Date-Added = {2010-06-09 20:23:38 +0800},
	Date-Modified = {2010-06-09 20:26:18 +0800},
	Howpublished = {ISO/IEC 14496-10:2009},
	Title = {Information technology -- Coding of audio-visual objects -- Part 10: Advanced Video Coding},
	Year = {2009}}

@conference{ugur2007parallel,
	Author = {Ugur, K. and Liu, H. and Lainema, J. and Gabbouf, M. and Li, H.},
	Booktitle = {3DTV Conference, 2007},
	Date-Added = {2010-06-09 19:51:04 +0800},
	Date-Modified = {2010-06-09 19:51:04 +0800},
	Pages = {1--4},
	Title = {{Parallel encoding-decoding operation for multiview video coding with high coding efficiency}},
	Year = {2007},
	Bdsk-File-1 = {YnBsaXN0MDDUAQIDBAUIJidUJHRvcFgkb2JqZWN0c1gkdmVyc2lvblkkYXJjaGl2ZXLRBgdUcm9vdIABqAkKFRYXGyIjVSRudWxs0wsMDQ4RFFpOUy5vYmplY3RzV05TLmtleXNWJGNsYXNzog8QgASABqISE4ACgAOAB1lhbGlhc0RhdGFccmVsYXRpdmVQYXRo0hgNGRpXTlMuZGF0YU8RAZoAAAAAAZoAAgAACEJPT1RDQU1QAAAAAAAAAAAAAAAAAAAAAAAAAAAAAABCRAAB/////wgyMDA3LnBkZgAAAAAAAAAAAAAAAAAAAAAAAAAAAAAAAAAAAAAAAAAAAAAAAAAAAAAAAAAAAAAAAAAAAAAAAAD/////AAAAAAAAAAAAAAAAAAEAAwAACgBjdQAAAAAAAAAAAAAAAAAEVWd1cgACAF8vOlZvbHVtZXM6Qk9PVENBTVA6V29ya3NwYWNlOlNvbHV0aW9uczptdmNkZWNvZGVyOjNEIFByb2plY3Q6dGhlc2lzOm15X3RoZXNpczpyZWY6VWd1cjoyMDA3LnBkZgAADgASAAgAMgAwADAANwAuAHAAZABmAA8AEgAIAEIATwBPAFQAQwBBAE0AUAASAE0vV29ya3NwYWNlL1NvbHV0aW9ucy9tdmNkZWNvZGVyLzNEIFByb2plY3QvdGhlc2lzL215X3RoZXNpcy9yZWYvVWd1ci8yMDA3LnBkZgAAEwARL1ZvbHVtZXMvQk9PVENBTVAA//8AAIAF0hwdHh9YJGNsYXNzZXNaJGNsYXNzbmFtZaMfICFdTlNNdXRhYmxlRGF0YVZOU0RhdGFYTlNPYmplY3RdVWd1ci8yMDA3LnBkZtIcHSQloiUhXE5TRGljdGlvbmFyeRIAAYagXxAPTlNLZXllZEFyY2hpdmVyAAgAEQAWAB8AKAAyADUAOgA8AEUASwBSAF0AZQBsAG8AcQBzAHYAeAB6AHwAhgCTAJgAoAI+AkACRQJOAlkCXQJrAnICewKJAo4CkQKeAqMAAAAAAAACAQAAAAAAAAAoAAAAAAAAAAAAAAAAAAACtQ==}}

@conference{yang2006parallel,
	Author = {Yang, Y. and Jiang, G. and Yu, M. and Zhu, D.},
	Booktitle = {2006 IEEE International Conference on Image Processing},
	Date-Added = {2010-06-09 19:46:49 +0800},
	Date-Modified = {2010-06-09 19:46:49 +0800},
	Pages = {521--524},
	Title = {{Parallel process of hyper-space-based multiview video compression}},
	Year = {2006}}

@conference{mesa2009scalability,
	Author = {Mesa, M.A. and Ram{\'\i}rez, A. and Azevedo, A. and Meenderinck, C. and Juurlink, B. and Valero, M.},
	Booktitle = {2009 15th International Conference on Parallel and Distributed Systems},
	Date-Added = {2010-06-09 19:39:17 +0800},
	Date-Modified = {2010-06-09 19:39:17 +0800},
	Organization = {IEEE},
	Pages = {236--243},
	Title = {{Scalability of Macroblock-level Parallelism for H. 264 Decoding}},
	Year = {2009},
	Bdsk-File-1 = {YnBsaXN0MDDUAQIDBAUIJidUJHRvcFgkb2JqZWN0c1gkdmVyc2lvblkkYXJjaGl2ZXLRBgdUcm9vdIABqAkKFRYXGyIjVSRudWxs0wsMDQ4RFFpOUy5vYmplY3RzV05TLmtleXNWJGNsYXNzog8QgASABqISE4ACgAOAB1lhbGlhc0RhdGFccmVsYXRpdmVQYXRo0hgNGRpXTlMuZGF0YU8RAZoAAAAAAZoAAgAACEJPT1RDQU1QAAAAAAAAAAAAAAAAAAAAAAAAAAAAAABCRAAB/////wgyMDA5LnBkZgAAAAAAAAAAAAAAAAAAAAAAAAAAAAAAAAAAAAAAAAAAAAAAAAAAAAAAAAAAAAAAAAAAAAAAAAD/////AAAAAAAAAAAAAAAAAAEAAwAACgBjdQAAAAAAAAAAAAAAAAAETWVzYQACAF8vOlZvbHVtZXM6Qk9PVENBTVA6V29ya3NwYWNlOlNvbHV0aW9uczptdmNkZWNvZGVyOjNEIFByb2plY3Q6dGhlc2lzOm15X3RoZXNpczpyZWY6TWVzYToyMDA5LnBkZgAADgASAAgAMgAwADAAOQAuAHAAZABmAA8AEgAIAEIATwBPAFQAQwBBAE0AUAASAE0vV29ya3NwYWNlL1NvbHV0aW9ucy9tdmNkZWNvZGVyLzNEIFByb2plY3QvdGhlc2lzL215X3RoZXNpcy9yZWYvTWVzYS8yMDA5LnBkZgAAEwARL1ZvbHVtZXMvQk9PVENBTVAA//8AAIAF0hwdHh9YJGNsYXNzZXNaJGNsYXNzbmFtZaMfICFdTlNNdXRhYmxlRGF0YVZOU0RhdGFYTlNPYmplY3RdTWVzYS8yMDA5LnBkZtIcHSQloiUhXE5TRGljdGlvbmFyeRIAAYagXxAPTlNLZXllZEFyY2hpdmVyAAgAEQAWAB8AKAAyADUAOgA8AEUASwBSAF0AZQBsAG8AcQBzAHYAeAB6AHwAhgCTAJgAoAI+AkACRQJOAlkCXQJrAnICewKJAo4CkQKeAqMAAAAAAAACAQAAAAAAAAAoAAAAAAAAAAAAAAAAAAACtQ==}}

@conference{seitner2007macroblock,
	Author = {Seitner, FH and Schreier, RM and Bleyer, M. and Gelautz, M.},
	Booktitle = {IEEE International Symposium on Consumer Electronics, 2007. ISCE 2007},
	Date-Added = {2010-06-09 19:37:25 +0800},
	Date-Modified = {2010-06-09 19:37:25 +0800},
	Pages = {1--5},
	Title = {{A macroblock-level analysis on the dynamic behaviour of an H. 264 decoder}},
	Year = {2007}}

@article{li2005design,
	Author = {Li, P. and Veeravalli, B. and Kassim, AA},
	Date-Added = {2010-06-09 19:33:29 +0800},
	Date-Modified = {2010-06-09 19:33:29 +0800},
	Journal = {IEEE Transactions on Circuits and Systems for Video Technology},
	Number = {9},
	Pages = {1098--1112},
	Title = {{Design and implementation of parallel video encoding strategies using divisible load analysis}},
	Volume = {15},
	Year = {2005},
	Bdsk-File-1 = {YnBsaXN0MDDUAQIDBAUIJidUJHRvcFgkb2JqZWN0c1gkdmVyc2lvblkkYXJjaGl2ZXLRBgdUcm9vdIABqAkKFRYXGyIjVSRudWxs0wsMDQ4RFFpOUy5vYmplY3RzV05TLmtleXNWJGNsYXNzog8QgASABqISE4ACgAOAB1lhbGlhc0RhdGFccmVsYXRpdmVQYXRo0hgNGRpXTlMuZGF0YU8RAZQAAAAAAZQAAgAACEJPT1RDQU1QAAAAAAAAAAAAAAAAAAAAAAAAAAAAAABCRAAB/////wgyMDA1LnBkZgAAAAAAAAAAAAAAAAAAAAAAAAAAAAAAAAAAAAAAAAAAAAAAAAAAAAAAAAAAAAAAAAAAAAAAAAD/////AAAAAAAAAAAAAAAAAAEAAwAACgBjdQAAAAAAAAAAAAAAAAACTGkAAgBdLzpWb2x1bWVzOkJPT1RDQU1QOldvcmtzcGFjZTpTb2x1dGlvbnM6bXZjZGVjb2RlcjozRCBQcm9qZWN0OnRoZXNpczpteV90aGVzaXM6cmVmOkxpOjIwMDUucGRmAAAOABIACAAyADAAMAA1AC4AcABkAGYADwASAAgAQgBPAE8AVABDAEEATQBQABIASy9Xb3Jrc3BhY2UvU29sdXRpb25zL212Y2RlY29kZXIvM0QgUHJvamVjdC90aGVzaXMvbXlfdGhlc2lzL3JlZi9MaS8yMDA1LnBkZgAAEwARL1ZvbHVtZXMvQk9PVENBTVAA//8AAIAF0hwdHh9YJGNsYXNzZXNaJGNsYXNzbmFtZaMfICFdTlNNdXRhYmxlRGF0YVZOU0RhdGFYTlNPYmplY3RbTGkvMjAwNS5wZGbSHB0kJaIlIVxOU0RpY3Rpb25hcnkSAAGGoF8QD05TS2V5ZWRBcmNoaXZlcgAIABEAFgAfACgAMgA1ADoAPABFAEsAUgBdAGUAbABvAHEAcwB2AHgAegB8AIYAkwCYAKACOAI6Aj8CSAJTAlcCZQJsAnUCgQKGAokClgKbAAAAAAAAAgEAAAAAAAAAKAAAAAAAAAAAAAAAAAAAAq0=}}

@article{flierl2007motion,
	Author = {Flierl, M. and Mavlankar, A. and Girod, B.},
	Date-Added = {2010-06-09 18:47:03 +0800},
	Date-Modified = {2010-06-09 18:47:03 +0800},
	Journal = {IEEE TRANSACTIONS ON CIRCUITS AND SYSTEMS FOR VIDEO TECHNOLOGY},
	Number = {11},
	Publisher = {Citeseer},
	Title = {{Motion and Disparity Compensated Coding for Multiview Video}},
	Volume = {17},
	Year = {2007},
	Bdsk-File-1 = {YnBsaXN0MDDUAQIDBAUIJidUJHRvcFgkb2JqZWN0c1gkdmVyc2lvblkkYXJjaGl2ZXLRBgdUcm9vdIABqAkKFRYXGyIjVSRudWxs0wsMDQ4RFFpOUy5vYmplY3RzV05TLmtleXNWJGNsYXNzog8QgASABqISE4ACgAOAB1lhbGlhc0RhdGFccmVsYXRpdmVQYXRo0hgNGRpXTlMuZGF0YU8RAaAAAAAAAaAAAgAACEJPT1RDQU1QAAAAAAAAAAAAAAAAAAAAAAAAAAAAAABCRAAB/////wgyMDA3LnBkZgAAAAAAAAAAAAAAAAAAAAAAAAAAAAAAAAAAAAAAAAAAAAAAAAAAAAAAAAAAAAAAAAAAAAAAAAD/////AAAAAAAAAAAAAAAAAAEAAwAACgBjdQAAAAAAAAAAAAAAAAAGRmxpZXJsAAIAYS86Vm9sdW1lczpCT09UQ0FNUDpXb3Jrc3BhY2U6U29sdXRpb25zOm12Y2RlY29kZXI6M0QgUHJvamVjdDp0aGVzaXM6bXlfdGhlc2lzOnJlZjpGbGllcmw6MjAwNy5wZGYAAA4AEgAIADIAMAAwADcALgBwAGQAZgAPABIACABCAE8ATwBUAEMAQQBNAFAAEgBPL1dvcmtzcGFjZS9Tb2x1dGlvbnMvbXZjZGVjb2Rlci8zRCBQcm9qZWN0L3RoZXNpcy9teV90aGVzaXMvcmVmL0ZsaWVybC8yMDA3LnBkZgAAEwARL1ZvbHVtZXMvQk9PVENBTVAA//8AAIAF0hwdHh9YJGNsYXNzZXNaJGNsYXNzbmFtZaMfICFdTlNNdXRhYmxlRGF0YVZOU0RhdGFYTlNPYmplY3RfEA9GbGllcmwvMjAwNy5wZGbSHB0kJaIlIVxOU0RpY3Rpb25hcnkSAAGGoF8QD05TS2V5ZWRBcmNoaXZlcgAIABEAFgAfACgAMgA1ADoAPABFAEsAUgBdAGUAbABvAHEAcwB2AHgAegB8AIYAkwCYAKACRAJGAksCVAJfAmMCcQJ4AoECkwKYApsCqAKtAAAAAAAAAgEAAAAAAAAAKAAAAAAAAAAAAAAAAAAAAr8=}}

@conference{kaup2006analysis,
	Author = {Kaup, A. and Fecker, U.},
	Booktitle = {Proc. 7th Workshop Digital Broadcasting},
	Date-Added = {2010-06-09 17:05:35 +0800},
	Date-Modified = {2010-06-09 17:05:35 +0800},
	Organization = {Citeseer},
	Pages = {33--39},
	Title = {{Analysis of multi-reference block matching for multi-view video coding}},
	Year = {2006},
	Bdsk-File-1 = {YnBsaXN0MDDUAQIDBAUIJidUJHRvcFgkb2JqZWN0c1gkdmVyc2lvblkkYXJjaGl2ZXLRBgdUcm9vdIABqAkKFRYXGyIjVSRudWxs0wsMDQ4RFFpOUy5vYmplY3RzV05TLmtleXNWJGNsYXNzog8QgASABqISE4ACgAOAB1lhbGlhc0RhdGFccmVsYXRpdmVQYXRo0hgNGRpXTlMuZGF0YU8RAZoAAAAAAZoAAgAACEJPT1RDQU1QAAAAAAAAAAAAAAAAAAAAAAAAAAAAAABCRAAB/////wgyMDA2LnBkZgAAAAAAAAAAAAAAAAAAAAAAAAAAAAAAAAAAAAAAAAAAAAAAAAAAAAAAAAAAAAAAAAAAAAAAAAD/////AAAAAAAAAAAAAAAAAAEAAwAACgBjdQAAAAAAAAAAAAAAAAAES2F1cAACAF8vOlZvbHVtZXM6Qk9PVENBTVA6V29ya3NwYWNlOlNvbHV0aW9uczptdmNkZWNvZGVyOjNEIFByb2plY3Q6dGhlc2lzOm15X3RoZXNpczpyZWY6S2F1cDoyMDA2LnBkZgAADgASAAgAMgAwADAANgAuAHAAZABmAA8AEgAIAEIATwBPAFQAQwBBAE0AUAASAE0vV29ya3NwYWNlL1NvbHV0aW9ucy9tdmNkZWNvZGVyLzNEIFByb2plY3QvdGhlc2lzL215X3RoZXNpcy9yZWYvS2F1cC8yMDA2LnBkZgAAEwARL1ZvbHVtZXMvQk9PVENBTVAA//8AAIAF0hwdHh9YJGNsYXNzZXNaJGNsYXNzbmFtZaMfICFdTlNNdXRhYmxlRGF0YVZOU0RhdGFYTlNPYmplY3RdS2F1cC8yMDA2LnBkZtIcHSQloiUhXE5TRGljdGlvbmFyeRIAAYagXxAPTlNLZXllZEFyY2hpdmVyAAgAEQAWAB8AKAAyADUAOgA8AEUASwBSAF0AZQBsAG8AcQBzAHYAeAB6AHwAhgCTAJgAoAI+AkACRQJOAlkCXQJrAnICewKJAo4CkQKeAqMAAAAAAAACAQAAAAAAAAAoAAAAAAAAAAAAAAAAAAACtQ==}}

@article{merkle2005statistical,
	Author = {Merkle, P. and M{\"u}eller, K. and Smolic, A. and Wiegand, T.},
	Date-Added = {2010-06-09 17:04:07 +0800},
	Date-Modified = {2010-06-09 18:52:53 +0800},
	Journal = {Proc. ICOB 2005},
	Pages = {27--28},
	Title = {{Statistical evaluation of spatiotemporal prediction for multiview video coding}},
	Year = {2005}}

@conference{mueller2006multi,
	Author = {M{\"u}eller, K. and Merkle, P. and Schwarz, H. and Hinz, T. and Smolic, A. and Oelbaum, T. and Wiegand, T.},
	Booktitle = {Picture Coding Symposium},
	Date-Added = {2010-06-09 16:58:12 +0800},
	Date-Modified = {2010-06-09 18:51:44 +0800},
	Title = {{Multi-view video coding based on H. 264/AVC using hierarchical B-frames}},
	Year = {2006}}

@conference{merkle2006efficient,
	Author = {Merkle, P. and M{\"u}eller, K. and Smolic, A. and Wiegand, T.},
	Booktitle = {2006 IEEE International Conference on Multimedia and Expo},
	Date-Added = {2010-06-09 16:57:14 +0800},
	Date-Modified = {2010-06-09 18:51:58 +0800},
	Pages = {1717--1720},
	Title = {{Efficient compression of multi-view video exploiting inter-view dependencies based on H. 264/MPEG4-AVC}},
	Year = {2006},
	Bdsk-File-1 = {YnBsaXN0MDDUAQIDBAUIJidUJHRvcFgkb2JqZWN0c1gkdmVyc2lvblkkYXJjaGl2ZXLRBgdUcm9vdIABqAkKFRYXGyIjVSRudWxs0wsMDQ4RFFpOUy5vYmplY3RzV05TLmtleXNWJGNsYXNzog8QgASABqISE4ACgAOAB1lhbGlhc0RhdGFccmVsYXRpdmVQYXRo0hgNGRpXTlMuZGF0YU8RAaAAAAAAAaAAAgAACEJPT1RDQU1QAAAAAAAAAAAAAAAAAAAAAAAAAAAAAABCRAAB/////wgyMDA2LnBkZgAAAAAAAAAAAAAAAAAAAAAAAAAAAAAAAAAAAAAAAAAAAAAAAAAAAAAAAAAAAAAAAAAAAAAAAAD/////AAAAAAAAAAAAAAAAAAEAAwAACgBjdQAAAAAAAAAAAAAAAAAGTWVya2xlAAIAYS86Vm9sdW1lczpCT09UQ0FNUDpXb3Jrc3BhY2U6U29sdXRpb25zOm12Y2RlY29kZXI6M0QgUHJvamVjdDp0aGVzaXM6bXlfdGhlc2lzOnJlZjpNZXJrbGU6MjAwNi5wZGYAAA4AEgAIADIAMAAwADYALgBwAGQAZgAPABIACABCAE8ATwBUAEMAQQBNAFAAEgBPL1dvcmtzcGFjZS9Tb2x1dGlvbnMvbXZjZGVjb2Rlci8zRCBQcm9qZWN0L3RoZXNpcy9teV90aGVzaXMvcmVmL01lcmtsZS8yMDA2LnBkZgAAEwARL1ZvbHVtZXMvQk9PVENBTVAA//8AAIAF0hwdHh9YJGNsYXNzZXNaJGNsYXNzbmFtZaMfICFdTlNNdXRhYmxlRGF0YVZOU0RhdGFYTlNPYmplY3RfEA9NZXJrbGUvMjAwNi5wZGbSHB0kJaIlIVxOU0RpY3Rpb25hcnkSAAGGoF8QD05TS2V5ZWRBcmNoaXZlcgAIABEAFgAfACgAMgA1ADoAPABFAEsAUgBdAGUAbABvAHEAcwB2AHgAegB8AIYAkwCYAKACRAJGAksCVAJfAmMCcQJ4AoECkwKYApsCqAKtAAAAAAAAAgEAAAAAAAAAKAAAAAAAAAAAAAAAAAAAAr8=}}

@conference{bilen2006multi,
	Author = {Bilen, C. and Aksay, A. and Akar, GB},
	Booktitle = {2006 IEEE International Conference on Image Processing},
	Date-Added = {2010-06-09 16:54:04 +0800},
	Date-Modified = {2010-06-09 16:54:04 +0800},
	Pages = {541--544},
	Title = {{A multi-view video codec based on H. 264}},
	Year = {2006}}

@conference{yang2006hyper,
	Address = {Beijing, China},
	Author = {Yang, Y. and Jiang, G. and Yu, M. and Li, F. and Kim, Y.},
	Booktitle = {Proc. PCS 2006, Picture Coding Symp.},
	Date-Added = {2010-06-09 16:50:53 +0800},
	Date-Modified = {2010-06-09 16:51:05 +0800},
	Month = {Apr.},
	Title = {{Hyper-space based multiview video coding scheme for free viewpoint television}},
	Year = {2006}}

@conference{cheng2006multi,
	Address = {Beijing, China},
	Author = {Cheng, X. and Sun, L. and Yang, S.},
	Booktitle = {Proc. PCS 2006, Picture Coding Symp.},
	Date-Added = {2010-06-09 16:48:29 +0800},
	Date-Modified = {2010-06-09 16:49:12 +0800},
	Month = {Apr.},
	Title = {{A Multi-View Video Coding scheme using shared key frames for high interactive application}},
	Year = {2006}}

@inproceedings{oh12542multi,
	Address = {Beijing, China},
	Author = {Oh, K.-J and Ho, Y.-S.},
	Booktitle = {Proc. PCS 2006, Picture Coding Symp.},
	Date-Added = {2010-06-09 16:43:13 +0800},
	Date-Modified = {2010-06-09 16:47:34 +0800},
	Month = {Apr.},
	Title = {{Multi-view video coding based on the lattice-like pyramid GOP structure}},
	Year = {2007}}

@article{magnor2003multi,
	Author = {Magnor, M. and Ramanathan, P. and Girod, B. and others},
	Date-Added = {2010-06-09 16:41:42 +0800},
	Date-Modified = {2010-06-09 16:41:42 +0800},
	Journal = {IEEE Transactions on circuits and systems for video technology},
	Number = {11},
	Pages = {1092--1106},
	Publisher = {Citeseer},
	Title = {{Multi-view coding for image-based rendering using 3-D scene geometry}},
	Volume = {13},
	Year = {2003},
	Bdsk-File-1 = {YnBsaXN0MDDUAQIDBAUIJidUJHRvcFgkb2JqZWN0c1gkdmVyc2lvblkkYXJjaGl2ZXLRBgdUcm9vdIABqAkKFRYXGyIjVSRudWxs0wsMDQ4RFFpOUy5vYmplY3RzV05TLmtleXNWJGNsYXNzog8QgASABqISE4ACgAOAB1lhbGlhc0RhdGFccmVsYXRpdmVQYXRo0hgNGRpXTlMuZGF0YU8RAaAAAAAAAaAAAgAACEJPT1RDQU1QAAAAAAAAAAAAAAAAAAAAAAAAAAAAAABCRAAB/////wgyMDAzLnBkZgAAAAAAAAAAAAAAAAAAAAAAAAAAAAAAAAAAAAAAAAAAAAAAAAAAAAAAAAAAAAAAAAAAAAAAAAD/////AAAAAAAAAAAAAAAAAAEAAwAACgBjdQAAAAAAAAAAAAAAAAAGTWFnbm9yAAIAYS86Vm9sdW1lczpCT09UQ0FNUDpXb3Jrc3BhY2U6U29sdXRpb25zOm12Y2RlY29kZXI6M0QgUHJvamVjdDp0aGVzaXM6bXlfdGhlc2lzOnJlZjpNYWdub3I6MjAwMy5wZGYAAA4AEgAIADIAMAAwADMALgBwAGQAZgAPABIACABCAE8ATwBUAEMAQQBNAFAAEgBPL1dvcmtzcGFjZS9Tb2x1dGlvbnMvbXZjZGVjb2Rlci8zRCBQcm9qZWN0L3RoZXNpcy9teV90aGVzaXMvcmVmL01hZ25vci8yMDAzLnBkZgAAEwARL1ZvbHVtZXMvQk9PVENBTVAA//8AAIAF0hwdHh9YJGNsYXNzZXNaJGNsYXNzbmFtZaMfICFdTlNNdXRhYmxlRGF0YVZOU0RhdGFYTlNPYmplY3RfEA9NYWdub3IvMjAwMy5wZGbSHB0kJaIlIVxOU0RpY3Rpb25hcnkSAAGGoF8QD05TS2V5ZWRBcmNoaXZlcgAIABEAFgAfACgAMgA1ADoAPABFAEsAUgBdAGUAbABvAHEAcwB2AHgAegB8AIYAkwCYAKACRAJGAksCVAJfAmMCcQJ4AoECkwKYApsCqAKtAAAAAAAAAgEAAAAAAAAAKAAAAAAAAAAAAAAAAAAAAr8=}}

@article{yi-survey,
	Author = {Yi, P. and Fengyan, Z. and Lifeng, SUN and Shiqiang, Y.},
	Date-Added = {2010-01-20 15:10:11 +0800},
	Date-Modified = {2010-01-20 15:17:14 +0800},
	Journal = {Journal of Frontiers of Computer Science and Technology},
	Title = {Survey of Parallel Acceleration Algorithms of Video Coding on Multi-core Processor},
	Year = {2009},
	Bdsk-File-1 = {YnBsaXN0MDDUAQIDBAUIJidUJHRvcFgkb2JqZWN0c1gkdmVyc2lvblkkYXJjaGl2ZXLRBgdUcm9vdIABqAkKFRYXGyIjVSRudWxs0wsMDQ4RFFpOUy5vYmplY3RzV05TLmtleXNWJGNsYXNzog8QgASABqISE4ACgAOAB1lhbGlhc0RhdGFccmVsYXRpdmVQYXRo0hgNGRpXTlMuZGF0YU8RAZQAAAAAAZQAAgAACEJPT1RDQU1QAAAAAAAAAAAAAAAAAAAAAAAAAAAAAABCRAAB/////wgyMDA5LmRvYwAAAAAAAAAAAAAAAAAAAAAAAAAAAAAAAAAAAAAAAAAAAAAAAAAAAAAAAAAAAAAAAAAAAAAAAAD/////AAAAAAAAAAAAAAAAAAEAAwAACgBjdQAAAAAAAAAAAAAAAAACWWkAAgBdLzpWb2x1bWVzOkJPT1RDQU1QOldvcmtzcGFjZTpTb2x1dGlvbnM6bXZjZGVjb2RlcjozRCBQcm9qZWN0OnRoZXNpczpteV90aGVzaXM6cmVmOllpOjIwMDkuZG9jAAAOABIACAAyADAAMAA5AC4AZABvAGMADwASAAgAQgBPAE8AVABDAEEATQBQABIASy9Xb3Jrc3BhY2UvU29sdXRpb25zL212Y2RlY29kZXIvM0QgUHJvamVjdC90aGVzaXMvbXlfdGhlc2lzL3JlZi9ZaS8yMDA5LmRvYwAAEwARL1ZvbHVtZXMvQk9PVENBTVAA//8AAIAF0hwdHh9YJGNsYXNzZXNaJGNsYXNzbmFtZaMfICFdTlNNdXRhYmxlRGF0YVZOU0RhdGFYTlNPYmplY3RbWWkvMjAwOS5kb2PSHB0kJaIlIVxOU0RpY3Rpb25hcnkSAAGGoF8QD05TS2V5ZWRBcmNoaXZlcgAIABEAFgAfACgAMgA1ADoAPABFAEsAUgBdAGUAbABvAHEAcwB2AHgAegB8AIYAkwCYAKACOAI6Aj8CSAJTAlcCZQJsAnUCgQKGAokClgKbAAAAAAAAAgEAAAAAAAAAKAAAAAAAAAAAAAAAAAAAAq0=},
	Bdsk-File-2 = {YnBsaXN0MDDUAQIDBAUIJidUJHRvcFgkb2JqZWN0c1gkdmVyc2lvblkkYXJjaGl2ZXLRBgdUcm9vdIABqAkKFRYXGyIjVSRudWxs0wsMDQ4RFFpOUy5vYmplY3RzV05TLmtleXNWJGNsYXNzog8QgASABqISE4ACgAOAB1lhbGlhc0RhdGFccmVsYXRpdmVQYXRo0hgNGRpXTlMuZGF0YU8RAZQAAAAAAZQAAgAACEJPT1RDQU1QAAAAAAAAAAAAAAAAAAAAAAAAAAAAAABCRAAB/////wgyMDA5LnBkZgAAAAAAAAAAAAAAAAAAAAAAAAAAAAAAAAAAAAAAAAAAAAAAAAAAAAAAAAAAAAAAAAAAAAAAAAD/////AAAAAAAAAAAAAAAAAAEAAwAACgBjdQAAAAAAAAAAAAAAAAACWWkAAgBdLzpWb2x1bWVzOkJPT1RDQU1QOldvcmtzcGFjZTpTb2x1dGlvbnM6bXZjZGVjb2RlcjozRCBQcm9qZWN0OnRoZXNpczpteV90aGVzaXM6cmVmOllpOjIwMDkucGRmAAAOABIACAAyADAAMAA5AC4AcABkAGYADwASAAgAQgBPAE8AVABDAEEATQBQABIASy9Xb3Jrc3BhY2UvU29sdXRpb25zL212Y2RlY29kZXIvM0QgUHJvamVjdC90aGVzaXMvbXlfdGhlc2lzL3JlZi9ZaS8yMDA5LnBkZgAAEwARL1ZvbHVtZXMvQk9PVENBTVAA//8AAIAF0hwdHh9YJGNsYXNzZXNaJGNsYXNzbmFtZaMfICFdTlNNdXRhYmxlRGF0YVZOU0RhdGFYTlNPYmplY3RbWWkvMjAwOS5wZGbSHB0kJaIlIVxOU0RpY3Rpb25hcnkSAAGGoF8QD05TS2V5ZWRBcmNoaXZlcgAIABEAFgAfACgAMgA1ADoAPABFAEsAUgBdAGUAbABvAHEAcwB2AHgAegB8AIYAkwCYAKACOAI6Aj8CSAJTAlcCZQJsAnUCgQKGAokClgKbAAAAAAAAAgEAAAAAAAAAKAAAAAAAAAAAAAAAAAAAAq0=}}

@conference{muta2007multilevel,
	Author = {Muta, H. and Doi, M. and Nakano, H. and Mori, Y.},
	Booktitle = {Proceedings of the 15th international conference on Multimedia},
	Date-Added = {2010-01-20 15:07:27 +0800},
	Date-Modified = {2010-01-20 15:07:27 +0800},
	Organization = {ACM},
	Pages = {951},
	Title = {{Multilevel parallelization on the cell/BE for a motion JPEG 2000 encoding server}},
	Year = {2007},
	Bdsk-File-1 = {YnBsaXN0MDDUAQIDBAUIJidUJHRvcFgkb2JqZWN0c1gkdmVyc2lvblkkYXJjaGl2ZXLRBgdUcm9vdIABqAkKFRYXGyIjVSRudWxs0wsMDQ4RFFpOUy5vYmplY3RzV05TLmtleXNWJGNsYXNzog8QgASABqISE4ACgAOAB1lhbGlhc0RhdGFccmVsYXRpdmVQYXRo0hgNGRpXTlMuZGF0YU8RAZoAAAAAAZoAAgAACEJPT1RDQU1QAAAAAAAAAAAAAAAAAAAAAAAAAAAAAABCRAAB/////wgyMDA3LnBkZgAAAAAAAAAAAAAAAAAAAAAAAAAAAAAAAAAAAAAAAAAAAAAAAAAAAAAAAAAAAAAAAAAAAAAAAAD/////AAAAAAAAAAAAAAAAAAEAAwAACgBjdQAAAAAAAAAAAAAAAAAETXV0YQACAF8vOlZvbHVtZXM6Qk9PVENBTVA6V29ya3NwYWNlOlNvbHV0aW9uczptdmNkZWNvZGVyOjNEIFByb2plY3Q6dGhlc2lzOm15X3RoZXNpczpyZWY6TXV0YToyMDA3LnBkZgAADgASAAgAMgAwADAANwAuAHAAZABmAA8AEgAIAEIATwBPAFQAQwBBAE0AUAASAE0vV29ya3NwYWNlL1NvbHV0aW9ucy9tdmNkZWNvZGVyLzNEIFByb2plY3QvdGhlc2lzL215X3RoZXNpcy9yZWYvTXV0YS8yMDA3LnBkZgAAEwARL1ZvbHVtZXMvQk9PVENBTVAA//8AAIAF0hwdHh9YJGNsYXNzZXNaJGNsYXNzbmFtZaMfICFdTlNNdXRhYmxlRGF0YVZOU0RhdGFYTlNPYmplY3RdTXV0YS8yMDA3LnBkZtIcHSQloiUhXE5TRGljdGlvbmFyeRIAAYagXxAPTlNLZXllZEFyY2hpdmVyAAgAEQAWAB8AKAAyADUAOgA8AEUASwBSAF0AZQBsAG8AcQBzAHYAeAB6AHwAhgCTAJgAoAI+AkACRQJOAlkCXQJrAnICewKJAo4CkQKeAqMAAAAAAAACAQAAAAAAAAAoAAAAAAAAAAAAAAAAAAACtQ==}}

@conference{onural2006assessment,
	Author = {Onural, L. and Sikora, T. and Ostermann, J. and Smolic, A. and Civanlar, MR and Watson, J.},
	Booktitle = {Proc. of NAB Broadcast Engineering Conf},
	Date-Added = {2010-01-20 15:06:43 +0800},
	Date-Modified = {2010-01-20 15:06:43 +0800},
	Pages = {456--467},
	Title = {{An assessment of 3DTV technologies}},
	Year = {2006},
	Bdsk-File-1 = {YnBsaXN0MDDUAQIDBAUIJidUJHRvcFgkb2JqZWN0c1gkdmVyc2lvblkkYXJjaGl2ZXLRBgdUcm9vdIABqAkKFRYXGyIjVSRudWxs0wsMDQ4RFFpOUy5vYmplY3RzV05TLmtleXNWJGNsYXNzog8QgASABqISE4ACgAOAB1lhbGlhc0RhdGFccmVsYXRpdmVQYXRo0hgNGRpXTlMuZGF0YU8RAaAAAAAAAaAAAgAACEJPT1RDQU1QAAAAAAAAAAAAAAAAAAAAAAAAAAAAAABCRAAB/////wgyMDA2LnBkZgAAAAAAAAAAAAAAAAAAAAAAAAAAAAAAAAAAAAAAAAAAAAAAAAAAAAAAAAAAAAAAAAAAAAAAAAD/////AAAAAAAAAAAAAAAAAAEAAwAACgBjdQAAAAAAAAAAAAAAAAAGT251cmFsAAIAYS86Vm9sdW1lczpCT09UQ0FNUDpXb3Jrc3BhY2U6U29sdXRpb25zOm12Y2RlY29kZXI6M0QgUHJvamVjdDp0aGVzaXM6bXlfdGhlc2lzOnJlZjpPbnVyYWw6MjAwNi5wZGYAAA4AEgAIADIAMAAwADYALgBwAGQAZgAPABIACABCAE8ATwBUAEMAQQBNAFAAEgBPL1dvcmtzcGFjZS9Tb2x1dGlvbnMvbXZjZGVjb2Rlci8zRCBQcm9qZWN0L3RoZXNpcy9teV90aGVzaXMvcmVmL09udXJhbC8yMDA2LnBkZgAAEwARL1ZvbHVtZXMvQk9PVENBTVAA//8AAIAF0hwdHh9YJGNsYXNzZXNaJGNsYXNzbmFtZaMfICFdTlNNdXRhYmxlRGF0YVZOU0RhdGFYTlNPYmplY3RfEA9PbnVyYWwvMjAwNi5wZGbSHB0kJaIlIVxOU0RpY3Rpb25hcnkSAAGGoF8QD05TS2V5ZWRBcmNoaXZlcgAIABEAFgAfACgAMgA1ADoAPABFAEsAUgBdAGUAbABvAHEAcwB2AHgAegB8AIYAkwCYAKACRAJGAksCVAJfAmMCcQJ4AoECkwKYApsCqAKtAAAAAAAAAgEAAAAAAAAAKAAAAAAAAAAAAAAAAAAAAr8=}}

@article{merkle2007efficient,
	Author = {Merkle, P. and Smolic, A. and M{\"u}eller, K. and Wiegand, T.},
	Date-Added = {2010-01-20 15:01:48 +0800},
	Date-Modified = {2010-06-09 18:52:03 +0800},
	Journal = {IEEE Transactions on circuits and systems for video technology},
	Number = {11},
	Pages = {1461--1473},
	Title = {{Efficient prediction structures for multiview video coding}},
	Volume = {17},
	Year = {2007},
	Bdsk-File-1 = {YnBsaXN0MDDUAQIDBAUIJidUJHRvcFgkb2JqZWN0c1gkdmVyc2lvblkkYXJjaGl2ZXLRBgdUcm9vdIABqAkKFRYXGyIjVSRudWxs0wsMDQ4RFFpOUy5vYmplY3RzV05TLmtleXNWJGNsYXNzog8QgASABqISE4ACgAOAB1lhbGlhc0RhdGFccmVsYXRpdmVQYXRo0hgNGRpXTlMuZGF0YU8RAaAAAAAAAaAAAgAACEJPT1RDQU1QAAAAAAAAAAAAAAAAAAAAAAAAAAAAAABCRAAB/////wgyMDA3LnBkZgAAAAAAAAAAAAAAAAAAAAAAAAAAAAAAAAAAAAAAAAAAAAAAAAAAAAAAAAAAAAAAAAAAAAAAAAD/////AAAAAAAAAAAAAAAAAAEAAwAACgBjdQAAAAAAAAAAAAAAAAAGTWVya2xlAAIAYS86Vm9sdW1lczpCT09UQ0FNUDpXb3Jrc3BhY2U6U29sdXRpb25zOm12Y2RlY29kZXI6M0QgUHJvamVjdDp0aGVzaXM6bXlfdGhlc2lzOnJlZjpNZXJrbGU6MjAwNy5wZGYAAA4AEgAIADIAMAAwADcALgBwAGQAZgAPABIACABCAE8ATwBUAEMAQQBNAFAAEgBPL1dvcmtzcGFjZS9Tb2x1dGlvbnMvbXZjZGVjb2Rlci8zRCBQcm9qZWN0L3RoZXNpcy9teV90aGVzaXMvcmVmL01lcmtsZS8yMDA3LnBkZgAAEwARL1ZvbHVtZXMvQk9PVENBTVAA//8AAIAF0hwdHh9YJGNsYXNzZXNaJGNsYXNzbmFtZaMfICFdTlNNdXRhYmxlRGF0YVZOU0RhdGFYTlNPYmplY3RfEA9NZXJrbGUvMjAwNy5wZGbSHB0kJaIlIVxOU0RpY3Rpb25hcnkSAAGGoF8QD05TS2V5ZWRBcmNoaXZlcgAIABEAFgAfACgAMgA1ADoAPABFAEsAUgBdAGUAbABvAHEAcwB2AHgAegB8AIYAkwCYAKACRAJGAksCVAJfAmMCcQJ4AoECkwKYApsCqAKtAAAAAAAAAgEAAAAAAAAAKAAAAAAAAAAAAAAAAAAAAr8=}}

@article{smolic2007coding,
	Author = {Smolic, A. and M{\"u}eller, K. and Stefanoski, N. and Ostermann, J. and Gotchev, A. and Akar, G.B. and Triantafyllidis, G. and Koz, A.},
	Date-Added = {2010-01-20 14:54:30 +0800},
	Date-Modified = {2010-06-09 18:51:53 +0800},
	Journal = {IEEE transactions on circuits and systems for video technology},
	Number = {11},
	Pages = {1606--1620},
	Title = {{Coding algorithms for 3DTV---a survey}},
	Volume = {17},
	Year = {2007},
	Bdsk-File-1 = {YnBsaXN0MDDUAQIDBAUIJidUJHRvcFgkb2JqZWN0c1gkdmVyc2lvblkkYXJjaGl2ZXLRBgdUcm9vdIABqAkKFRYXGyIjVSRudWxs0wsMDQ4RFFpOUy5vYmplY3RzV05TLmtleXNWJGNsYXNzog8QgASABqISE4ACgAOAB1lhbGlhc0RhdGFccmVsYXRpdmVQYXRo0hgNGRpXTlMuZGF0YU8RAaAAAAAAAaAAAgAACEJPT1RDQU1QAAAAAAAAAAAAAAAAAAAAAAAAAAAAAABCRAAB/////wgyMDA3LnBkZgAAAAAAAAAAAAAAAAAAAAAAAAAAAAAAAAAAAAAAAAAAAAAAAAAAAAAAAAAAAAAAAAAAAAAAAAD/////AAAAAAAAAAAAAAAAAAEAAwAACgBjdQAAAAAAAAAAAAAAAAAGU21vbGljAAIAYS86Vm9sdW1lczpCT09UQ0FNUDpXb3Jrc3BhY2U6U29sdXRpb25zOm12Y2RlY29kZXI6M0QgUHJvamVjdDp0aGVzaXM6bXlfdGhlc2lzOnJlZjpTbW9saWM6MjAwNy5wZGYAAA4AEgAIADIAMAAwADcALgBwAGQAZgAPABIACABCAE8ATwBUAEMAQQBNAFAAEgBPL1dvcmtzcGFjZS9Tb2x1dGlvbnMvbXZjZGVjb2Rlci8zRCBQcm9qZWN0L3RoZXNpcy9teV90aGVzaXMvcmVmL1Ntb2xpYy8yMDA3LnBkZgAAEwARL1ZvbHVtZXMvQk9PVENBTVAA//8AAIAF0hwdHh9YJGNsYXNzZXNaJGNsYXNzbmFtZaMfICFdTlNNdXRhYmxlRGF0YVZOU0RhdGFYTlNPYmplY3RfEA9TbW9saWMvMjAwNy5wZGbSHB0kJaIlIVxOU0RpY3Rpb25hcnkSAAGGoF8QD05TS2V5ZWRBcmNoaXZlcgAIABEAFgAfACgAMgA1ADoAPABFAEsAUgBdAGUAbABvAHEAcwB2AHgAegB8AIYAkwCYAKACRAJGAksCVAJfAmMCcQJ4AoECkwKYApsCqAKtAAAAAAAAAgEAAAAAAAAAKAAAAAAAAAAAAAAAAAAAAr8=}}

@book{richardson2003h,
	Author = {Richardson, I.E.G.},
	Date-Added = {2010-01-20 14:54:10 +0800},
	Date-Modified = {2010-01-20 14:54:10 +0800},
	Publisher = {John Wiley \& Sons Inc},
	Title = {{H. 264 and MPEG-4 video compression: video coding for next-generation multimedia}},
	Year = {2003},
	Bdsk-File-1 = {YnBsaXN0MDDUAQIDBAUIJidUJHRvcFgkb2JqZWN0c1gkdmVyc2lvblkkYXJjaGl2ZXLRBgdUcm9vdIABqAkKFRYXGyIjVSRudWxs0wsMDQ4RFFpOUy5vYmplY3RzV05TLmtleXNWJGNsYXNzog8QgASABqISE4ACgAOAB1lhbGlhc0RhdGFccmVsYXRpdmVQYXRo0hgNGRpXTlMuZGF0YU8RAawAAAAAAawAAgAACEJPT1RDQU1QAAAAAAAAAAAAAAAAAAAAAAAAAAAAAABCRAAB/////wgyMDAzLnBkZgAAAAAAAAAAAAAAAAAAAAAAAAAAAAAAAAAAAAAAAAAAAAAAAAAAAAAAAAAAAAAAAAAAAAAAAAD/////AAAAAAAAAAAAAAAAAAEAAwAACgBjdQAAAAAAAAAAAAAAAAAKUmljaGFyZHNvbgACAGUvOlZvbHVtZXM6Qk9PVENBTVA6V29ya3NwYWNlOlNvbHV0aW9uczptdmNkZWNvZGVyOjNEIFByb2plY3Q6dGhlc2lzOm15X3RoZXNpczpyZWY6UmljaGFyZHNvbjoyMDAzLnBkZgAADgASAAgAMgAwADAAMwAuAHAAZABmAA8AEgAIAEIATwBPAFQAQwBBAE0AUAASAFMvV29ya3NwYWNlL1NvbHV0aW9ucy9tdmNkZWNvZGVyLzNEIFByb2plY3QvdGhlc2lzL215X3RoZXNpcy9yZWYvUmljaGFyZHNvbi8yMDAzLnBkZgAAEwARL1ZvbHVtZXMvQk9PVENBTVAA//8AAIAF0hwdHh9YJGNsYXNzZXNaJGNsYXNzbmFtZaMfICFdTlNNdXRhYmxlRGF0YVZOU0RhdGFYTlNPYmplY3RfEBNSaWNoYXJkc29uLzIwMDMucGRm0hwdJCWiJSFcTlNEaWN0aW9uYXJ5EgABhqBfEA9OU0tleWVkQXJjaGl2ZXIACAARABYAHwAoADIANQA6ADwARQBLAFIAXQBlAGwAbwBxAHMAdgB4AHoAfACGAJMAmACgAlACUgJXAmACawJvAn0ChAKNAqMCqAKrArgCvQAAAAAAAAIBAAAAAAAAACgAAAAAAAAAAAAAAAAAAALP}}

@article{meenderinck2009parallel,
	Author = {Meenderinck, C. and Azevedo, A. and Juurlink, B. and Alvarez Mesa, M. and Ramirez, A.},
	Date-Added = {2010-01-20 14:53:32 +0800},
	Date-Modified = {2010-01-20 14:53:32 +0800},
	Journal = {Journal of Signal Processing Systems},
	Number = {2},
	Pages = {173--194},
	Publisher = {Springer},
	Title = {{Parallel scalability of video decoders}},
	Volume = {57},
	Year = {2009},
	Bdsk-File-1 = {YnBsaXN0MDDUAQIDBAUIJidUJHRvcFgkb2JqZWN0c1gkdmVyc2lvblkkYXJjaGl2ZXLRBgdUcm9vdIABqAkKFRYXGyIjVSRudWxs0wsMDQ4RFFpOUy5vYmplY3RzV05TLmtleXNWJGNsYXNzog8QgASABqISE4ACgAOAB1lhbGlhc0RhdGFccmVsYXRpdmVQYXRo0hgNGRpXTlMuZGF0YU8RAa4AAAAAAa4AAgAACEJPT1RDQU1QAAAAAAAAAAAAAAAAAAAAAAAAAAAAAABCRAAB/////wgyMDA5LnBkZgAAAAAAAAAAAAAAAAAAAAAAAAAAAAAAAAAAAAAAAAAAAAAAAAAAAAAAAAAAAAAAAAAAAAAAAAD/////AAAAAAAAAAAAAAAAAAEAAwAACgBjdQAAAAAAAAAAAAAAAAALTWVlbmRlcmluY2sAAAIAZi86Vm9sdW1lczpCT09UQ0FNUDpXb3Jrc3BhY2U6U29sdXRpb25zOm12Y2RlY29kZXI6M0QgUHJvamVjdDp0aGVzaXM6bXlfdGhlc2lzOnJlZjpNZWVuZGVyaW5jazoyMDA5LnBkZgAOABIACAAyADAAMAA5AC4AcABkAGYADwASAAgAQgBPAE8AVABDAEEATQBQABIAVC9Xb3Jrc3BhY2UvU29sdXRpb25zL212Y2RlY29kZXIvM0QgUHJvamVjdC90aGVzaXMvbXlfdGhlc2lzL3JlZi9NZWVuZGVyaW5jay8yMDA5LnBkZgATABEvVm9sdW1lcy9CT09UQ0FNUAD//wAAgAXSHB0eH1gkY2xhc3Nlc1okY2xhc3NuYW1lox8gIV1OU011dGFibGVEYXRhVk5TRGF0YVhOU09iamVjdF8QFE1lZW5kZXJpbmNrLzIwMDkucGRm0hwdJCWiJSFcTlNEaWN0aW9uYXJ5EgABhqBfEA9OU0tleWVkQXJjaGl2ZXIACAARABYAHwAoADIANQA6ADwARQBLAFIAXQBlAGwAbwBxAHMAdgB4AHoAfACGAJMAmACgAlICVAJZAmICbQJxAn8ChgKPAqYCqwKuArsCwAAAAAAAAAIBAAAAAAAAACgAAAAAAAAAAAAAAAAAAALS}}

@conference{sun2007optimization,
	Author = {Sun, L. and Liang, K. and Yang, S. and Zhong, Y.},
	Booktitle = {Advances in Multimedia Modeling: 13th International Multimedia Modeling Conference, MMM 2007, Singapore, January 9-12, 2007: Proceedings},
	Date-Added = {2010-01-19 22:58:54 +0800},
	Date-Modified = {2010-01-19 22:58:54 +0800},
	Organization = {Springer Verlag},
	Pages = {23},
	Title = {{Optimization of System Performance for DVC Applications with Energy Constraints over Ad Hoc Networks}},
	Year = {2007},
	Bdsk-File-1 = {YnBsaXN0MDDUAQIDBAUIJidUJHRvcFgkb2JqZWN0c1gkdmVyc2lvblkkYXJjaGl2ZXLRBgdUcm9vdIABqAkKFRYXGyIjVSRudWxs0wsMDQ4RFFpOUy5vYmplY3RzV05TLmtleXNWJGNsYXNzog8QgASABqISE4ACgAOAB1lhbGlhc0RhdGFccmVsYXRpdmVQYXRo0hgNGRpXTlMuZGF0YU8RAZYAAAAAAZYAAgAACEJPT1RDQU1QAAAAAAAAAAAAAAAAAAAAAAAAAAAAAABCRAAB/////wgyMDA3LnBkZgAAAAAAAAAAAAAAAAAAAAAAAAAAAAAAAAAAAAAAAAAAAAAAAAAAAAAAAAAAAAAAAAAAAAAAAAD/////AAAAAAAAAAAAAAAAAAEAAwAACgBjdQAAAAAAAAAAAAAAAAADU3VuAAACAF4vOlZvbHVtZXM6Qk9PVENBTVA6V29ya3NwYWNlOlNvbHV0aW9uczptdmNkZWNvZGVyOjNEIFByb2plY3Q6dGhlc2lzOm15X3RoZXNpczpyZWY6U3VuOjIwMDcucGRmAA4AEgAIADIAMAAwADcALgBwAGQAZgAPABIACABCAE8ATwBUAEMAQQBNAFAAEgBML1dvcmtzcGFjZS9Tb2x1dGlvbnMvbXZjZGVjb2Rlci8zRCBQcm9qZWN0L3RoZXNpcy9teV90aGVzaXMvcmVmL1N1bi8yMDA3LnBkZgATABEvVm9sdW1lcy9CT09UQ0FNUAD//wAAgAXSHB0eH1gkY2xhc3Nlc1okY2xhc3NuYW1lox8gIV1OU011dGFibGVEYXRhVk5TRGF0YVhOU09iamVjdFxTdW4vMjAwNy5wZGbSHB0kJaIlIVxOU0RpY3Rpb25hcnkSAAGGoF8QD05TS2V5ZWRBcmNoaXZlcgAIABEAFgAfACgAMgA1ADoAPABFAEsAUgBdAGUAbABvAHEAcwB2AHgAegB8AIYAkwCYAKACOgI8AkECSgJVAlkCZwJuAncChAKJAowCmQKeAAAAAAAAAgEAAAAAAAAAKAAAAAAAAAAAAAAAAAAAArA=}}

@conference{cheng2007generation,
	Author = {Cheng, X. and Sun, L. and Yang, S.},
	Booktitle = {IEEE International Conference on Image Processing, 2007. ICIP 2007},
	Date-Added = {2010-01-19 22:57:33 +0800},
	Date-Modified = {2010-01-19 22:57:33 +0800},
	Title = {{Generation of layered depth images from multi-view video}},
	Volume = {5},
	Year = {2007},
	Bdsk-File-1 = {YnBsaXN0MDDUAQIDBAUIJidUJHRvcFgkb2JqZWN0c1gkdmVyc2lvblkkYXJjaGl2ZXLRBgdUcm9vdIABqAkKFRYXGyIjVSRudWxs0wsMDQ4RFFpOUy5vYmplY3RzV05TLmtleXNWJGNsYXNzog8QgASABqISE4ACgAOAB1lhbGlhc0RhdGFccmVsYXRpdmVQYXRo0hgNGRpXTlMuZGF0YU8RAZwAAAAAAZwAAgAACEJPT1RDQU1QAAAAAAAAAAAAAAAAAAAAAAAAAAAAAABCRAAB/////wgyMDA3LnBkZgAAAAAAAAAAAAAAAAAAAAAAAAAAAAAAAAAAAAAAAAAAAAAAAAAAAAAAAAAAAAAAAAAAAAAAAAD/////AAAAAAAAAAAAAAAAAAEAAwAACgBjdQAAAAAAAAAAAAAAAAAFQ2hlbmcAAAIAYC86Vm9sdW1lczpCT09UQ0FNUDpXb3Jrc3BhY2U6U29sdXRpb25zOm12Y2RlY29kZXI6M0QgUHJvamVjdDp0aGVzaXM6bXlfdGhlc2lzOnJlZjpDaGVuZzoyMDA3LnBkZgAOABIACAAyADAAMAA3AC4AcABkAGYADwASAAgAQgBPAE8AVABDAEEATQBQABIATi9Xb3Jrc3BhY2UvU29sdXRpb25zL212Y2RlY29kZXIvM0QgUHJvamVjdC90aGVzaXMvbXlfdGhlc2lzL3JlZi9DaGVuZy8yMDA3LnBkZgATABEvVm9sdW1lcy9CT09UQ0FNUAD//wAAgAXSHB0eH1gkY2xhc3Nlc1okY2xhc3NuYW1lox8gIV1OU011dGFibGVEYXRhVk5TRGF0YVhOU09iamVjdF5DaGVuZy8yMDA3LnBkZtIcHSQloiUhXE5TRGljdGlvbmFyeRIAAYagXxAPTlNLZXllZEFyY2hpdmVyAAgAEQAWAB8AKAAyADUAOgA8AEUASwBSAF0AZQBsAG8AcQBzAHYAeAB6AHwAhgCTAJgAoAJAAkICRwJQAlsCXwJtAnQCfQKMApEClAKhAqYAAAAAAAACAQAAAAAAAAAoAAAAAAAAAAAAAAAAAAACuA==}}

@conference{pang2007spatial,
	Author = {Pang, Y. and Sun, L. and Guo, S. and Yang, S.},
	Booktitle = {IEEE 9th Workshop on Multimedia Signal Processing, 2007. MMSP 2007},
	Date-Added = {2010-01-19 22:57:11 +0800},
	Date-Modified = {2010-01-19 22:57:11 +0800},
	Pages = {441--444},
	Title = {{Spatial and Temporal Data Parallelization of Multi-view Video Encoding Algorithm}},
	Year = {2007},
	Bdsk-File-1 = {YnBsaXN0MDDUAQIDBAUIJidUJHRvcFgkb2JqZWN0c1gkdmVyc2lvblkkYXJjaGl2ZXLRBgdUcm9vdIABqAkKFRYXGyIjVSRudWxs0wsMDQ4RFFpOUy5vYmplY3RzV05TLmtleXNWJGNsYXNzog8QgASABqISE4ACgAOAB1lhbGlhc0RhdGFccmVsYXRpdmVQYXRo0hgNGRpXTlMuZGF0YU8RAZoAAAAAAZoAAgAACEJPT1RDQU1QAAAAAAAAAAAAAAAAAAAAAAAAAAAAAABCRAAB/////wgyMDA3LnBkZgAAAAAAAAAAAAAAAAAAAAAAAAAAAAAAAAAAAAAAAAAAAAAAAAAAAAAAAAAAAAAAAAAAAAAAAAD/////AAAAAAAAAAAAAAAAAAEAAwAACgBjdQAAAAAAAAAAAAAAAAAEUGFuZwACAF8vOlZvbHVtZXM6Qk9PVENBTVA6V29ya3NwYWNlOlNvbHV0aW9uczptdmNkZWNvZGVyOjNEIFByb2plY3Q6dGhlc2lzOm15X3RoZXNpczpyZWY6UGFuZzoyMDA3LnBkZgAADgASAAgAMgAwADAANwAuAHAAZABmAA8AEgAIAEIATwBPAFQAQwBBAE0AUAASAE0vV29ya3NwYWNlL1NvbHV0aW9ucy9tdmNkZWNvZGVyLzNEIFByb2plY3QvdGhlc2lzL215X3RoZXNpcy9yZWYvUGFuZy8yMDA3LnBkZgAAEwARL1ZvbHVtZXMvQk9PVENBTVAA//8AAIAF0hwdHh9YJGNsYXNzZXNaJGNsYXNzbmFtZaMfICFdTlNNdXRhYmxlRGF0YVZOU0RhdGFYTlNPYmplY3RdUGFuZy8yMDA3LnBkZtIcHSQloiUhXE5TRGljdGlvbmFyeRIAAYagXxAPTlNLZXllZEFyY2hpdmVyAAgAEQAWAB8AKAAyADUAOgA8AEUASwBSAF0AZQBsAG8AcQBzAHYAeAB6AHwAhgCTAJgAoAI+AkACRQJOAlkCXQJrAnICewKJAo4CkQKeAqMAAAAAAAACAQAAAAAAAAAoAAAAAAAAAAAAAAAAAAACtQ==}}

@conference{zhang2008igridmedia,
	Author = {Zhang, M. and Sun, L. and Xi, X. and Yang, S.},
	Booktitle = {IEEE Global Telecommunications Conference, 2008. IEEE GLOBECOM 2008},
	Date-Added = {2010-01-19 22:56:06 +0800},
	Date-Modified = {2010-01-19 22:56:06 +0800},
	Pages = {1--5},
	Title = {{iGridMedia: Providing Delay-Guaranteed Peer-to-Peer Live Streaming Service on Internet}},
	Year = {2008},
	Bdsk-File-1 = {YnBsaXN0MDDUAQIDBAUIJidUJHRvcFgkb2JqZWN0c1gkdmVyc2lvblkkYXJjaGl2ZXLRBgdUcm9vdIABqAkKFRYXGyIjVSRudWxs0wsMDQ4RFFpOUy5vYmplY3RzV05TLmtleXNWJGNsYXNzog8QgASABqISE4ACgAOAB1lhbGlhc0RhdGFccmVsYXRpdmVQYXRo0hgNGRpXTlMuZGF0YU8RAZwAAAAAAZwAAgAACEJPT1RDQU1QAAAAAAAAAAAAAAAAAAAAAAAAAAAAAABCRAAB/////wgyMDA4LnBkZgAAAAAAAAAAAAAAAAAAAAAAAAAAAAAAAAAAAAAAAAAAAAAAAAAAAAAAAAAAAAAAAAAAAAAAAAD/////AAAAAAAAAAAAAAAAAAEAAwAACgBjdQAAAAAAAAAAAAAAAAAFWmhhbmcAAAIAYC86Vm9sdW1lczpCT09UQ0FNUDpXb3Jrc3BhY2U6U29sdXRpb25zOm12Y2RlY29kZXI6M0QgUHJvamVjdDp0aGVzaXM6bXlfdGhlc2lzOnJlZjpaaGFuZzoyMDA4LnBkZgAOABIACAAyADAAMAA4AC4AcABkAGYADwASAAgAQgBPAE8AVABDAEEATQBQABIATi9Xb3Jrc3BhY2UvU29sdXRpb25zL212Y2RlY29kZXIvM0QgUHJvamVjdC90aGVzaXMvbXlfdGhlc2lzL3JlZi9aaGFuZy8yMDA4LnBkZgATABEvVm9sdW1lcy9CT09UQ0FNUAD//wAAgAXSHB0eH1gkY2xhc3Nlc1okY2xhc3NuYW1lox8gIV1OU011dGFibGVEYXRhVk5TRGF0YVhOU09iamVjdF5aaGFuZy8yMDA4LnBkZtIcHSQloiUhXE5TRGljdGlvbmFyeRIAAYagXxAPTlNLZXllZEFyY2hpdmVyAAgAEQAWAB8AKAAyADUAOgA8AEUASwBSAF0AZQBsAG8AcQBzAHYAeAB6AHwAhgCTAJgAoAJAAkICRwJQAlsCXwJtAnQCfQKMApEClAKhAqYAAAAAAAACAQAAAAAAAAAoAAAAAAAAAAAAAAAAAAACuA==}}

@article{chen-delay,
	Author = {Chen, Z. and Zhang, M. and Sun, L. and Yang, S.},
	Date-Added = {2010-01-19 22:49:37 +0800},
	Date-Modified = {2010-01-19 22:53:01 +0800},
	Journal = {IEEE ISCAS2009},
	Title = {{Delay-Guaranteed Interactive Multiview Video Streaming}},
	Volume = {5},
	Year = {2009},
	Bdsk-File-1 = {YnBsaXN0MDDUAQIDBAUIJidUJHRvcFgkb2JqZWN0c1gkdmVyc2lvblkkYXJjaGl2ZXLRBgdUcm9vdIABqAkKFRYXGyIjVSRudWxs0wsMDQ4RFFpOUy5vYmplY3RzV05TLmtleXNWJGNsYXNzog8QgASABqISE4ACgAOAB1lhbGlhc0RhdGFccmVsYXRpdmVQYXRo0hgNGRpXTlMuZGF0YU8RAZoAAAAAAZoAAgAACEJPT1RDQU1QAAAAAAAAAAAAAAAAAAAAAAAAAAAAAABCRAAB/////wgyMDA5LnBkZgAAAAAAAAAAAAAAAAAAAAAAAAAAAAAAAAAAAAAAAAAAAAAAAAAAAAAAAAAAAAAAAAAAAAAAAAD/////AAAAAAAAAAAAAAAAAAEAAwAACgBjdQAAAAAAAAAAAAAAAAAEQ2hlbgACAF8vOlZvbHVtZXM6Qk9PVENBTVA6V29ya3NwYWNlOlNvbHV0aW9uczptdmNkZWNvZGVyOjNEIFByb2plY3Q6dGhlc2lzOm15X3RoZXNpczpyZWY6Q2hlbjoyMDA5LnBkZgAADgASAAgAMgAwADAAOQAuAHAAZABmAA8AEgAIAEIATwBPAFQAQwBBAE0AUAASAE0vV29ya3NwYWNlL1NvbHV0aW9ucy9tdmNkZWNvZGVyLzNEIFByb2plY3QvdGhlc2lzL215X3RoZXNpcy9yZWYvQ2hlbi8yMDA5LnBkZgAAEwARL1ZvbHVtZXMvQk9PVENBTVAA//8AAIAF0hwdHh9YJGNsYXNzZXNaJGNsYXNzbmFtZaMfICFdTlNNdXRhYmxlRGF0YVZOU0RhdGFYTlNPYmplY3RdQ2hlbi8yMDA5LnBkZtIcHSQloiUhXE5TRGljdGlvbmFyeRIAAYagXxAPTlNLZXllZEFyY2hpdmVyAAgAEQAWAB8AKAAyADUAOgA8AEUASwBSAF0AZQBsAG8AcQBzAHYAeAB6AHwAhgCTAJgAoAI+AkACRQJOAlkCXQJrAnICewKJAo4CkQKeAqMAAAAAAAACAQAAAAAAAAAoAAAAAAAAAAAAAAAAAAACtQ==}}

@article{zhang2007understanding,
	Author = {Zhang, M. and Zhang, Q. and Sun, L. and Yang, S.},
	Date-Added = {2010-01-19 22:48:32 +0800},
	Date-Modified = {2010-01-19 22:48:32 +0800},
	Journal = {IEEE journal on selected areas in communications},
	Number = {9},
	Pages = {1678},
	Publisher = {Citeseer},
	Title = {{Understanding the power of pull-based streaming protocol: Can we do better?}},
	Volume = {25},
	Year = {2007},
	Bdsk-File-1 = {YnBsaXN0MDDUAQIDBAUIJidUJHRvcFgkb2JqZWN0c1gkdmVyc2lvblkkYXJjaGl2ZXLRBgdUcm9vdIABqAkKFRYXGyIjVSRudWxs0wsMDQ4RFFpOUy5vYmplY3RzV05TLmtleXNWJGNsYXNzog8QgASABqISE4ACgAOAB1lhbGlhc0RhdGFccmVsYXRpdmVQYXRo0hgNGRpXTlMuZGF0YU8RAZwAAAAAAZwAAgAACEJPT1RDQU1QAAAAAAAAAAAAAAAAAAAAAAAAAAAAAABCRAAB/////wgyMDA3LnBkZgAAAAAAAAAAAAAAAAAAAAAAAAAAAAAAAAAAAAAAAAAAAAAAAAAAAAAAAAAAAAAAAAAAAAAAAAD/////AAAAAAAAAAAAAAAAAAEAAwAACgBjdQAAAAAAAAAAAAAAAAAFWmhhbmcAAAIAYC86Vm9sdW1lczpCT09UQ0FNUDpXb3Jrc3BhY2U6U29sdXRpb25zOm12Y2RlY29kZXI6M0QgUHJvamVjdDp0aGVzaXM6bXlfdGhlc2lzOnJlZjpaaGFuZzoyMDA3LnBkZgAOABIACAAyADAAMAA3AC4AcABkAGYADwASAAgAQgBPAE8AVABDAEEATQBQABIATi9Xb3Jrc3BhY2UvU29sdXRpb25zL212Y2RlY29kZXIvM0QgUHJvamVjdC90aGVzaXMvbXlfdGhlc2lzL3JlZi9aaGFuZy8yMDA3LnBkZgATABEvVm9sdW1lcy9CT09UQ0FNUAD//wAAgAXSHB0eH1gkY2xhc3Nlc1okY2xhc3NuYW1lox8gIV1OU011dGFibGVEYXRhVk5TRGF0YVhOU09iamVjdF5aaGFuZy8yMDA3LnBkZtIcHSQloiUhXE5TRGljdGlvbmFyeRIAAYagXxAPTlNLZXllZEFyY2hpdmVyAAgAEQAWAB8AKAAyADUAOgA8AEUASwBSAF0AZQBsAG8AcQBzAHYAeAB6AHwAhgCTAJgAoAJAAkICRwJQAlsCXwJtAnQCfQKMApEClAKhAqYAAAAAAAACAQAAAAAAAAAoAAAAAAAAAAAAAAAAAAACuA==}}

@article{zhang2009optimizing,
	Author = {Zhang, M. and Xiong, Y. and Zhang, Q. and Sun, L. and Yang, S.},
	Date-Added = {2010-01-19 22:46:39 +0800},
	Date-Modified = {2010-01-19 22:46:39 +0800},
	Journal = {IEEE Transactions on Parallel and Distributed Systems},
	Pages = {97--110},
	Publisher = {IEEE Computer Society},
	Title = {{Optimizing the throughput of data-driven peer-to-peer streaming}},
	Year = {2009},
	Bdsk-File-1 = {YnBsaXN0MDDUAQIDBAUIJidUJHRvcFgkb2JqZWN0c1gkdmVyc2lvblkkYXJjaGl2ZXLRBgdUcm9vdIABqAkKFRYXGyIjVSRudWxs0wsMDQ4RFFpOUy5vYmplY3RzV05TLmtleXNWJGNsYXNzog8QgASABqISE4ACgAOAB1lhbGlhc0RhdGFccmVsYXRpdmVQYXRo0hgNGRpXTlMuZGF0YU8RAaIAAAAAAaIAAgAACEJPT1RDQU1QAAAAAAAAAAAAAAAAAAAAAAAAAAAAAABCRAAB/////wkyMDA5YS5wZGYAAAAAAAAAAAAAAAAAAAAAAAAAAAAAAAAAAAAAAAAAAAAAAAAAAAAAAAAAAAAAAAAAAAAAAAD/////AAAAAAAAAAAAAAAAAAEAAwAACgBjdQAAAAAAAAAAAAAAAAAFWmhhbmcAAAIAYS86Vm9sdW1lczpCT09UQ0FNUDpXb3Jrc3BhY2U6U29sdXRpb25zOm12Y2RlY29kZXI6M0QgUHJvamVjdDp0aGVzaXM6bXlfdGhlc2lzOnJlZjpaaGFuZzoyMDA5YS5wZGYAAA4AFAAJADIAMAAwADkAYQAuAHAAZABmAA8AEgAIAEIATwBPAFQAQwBBAE0AUAASAE8vV29ya3NwYWNlL1NvbHV0aW9ucy9tdmNkZWNvZGVyLzNEIFByb2plY3QvdGhlc2lzL215X3RoZXNpcy9yZWYvWmhhbmcvMjAwOWEucGRmAAATABEvVm9sdW1lcy9CT09UQ0FNUAD//wAAgAXSHB0eH1gkY2xhc3Nlc1okY2xhc3NuYW1lox8gIV1OU011dGFibGVEYXRhVk5TRGF0YVhOU09iamVjdF8QD1poYW5nLzIwMDlhLnBkZtIcHSQloiUhXE5TRGljdGlvbmFyeRIAAYagXxAPTlNLZXllZEFyY2hpdmVyAAgAEQAWAB8AKAAyADUAOgA8AEUASwBSAF0AZQBsAG8AcQBzAHYAeAB6AHwAhgCTAJgAoAJGAkgCTQJWAmECZQJzAnoCgwKVApoCnQKqAq8AAAAAAAACAQAAAAAAAAAoAAAAAAAAAAAAAAAAAAACwQ==}}

@article{pang2009framework,
	Author = {Pang, Y. and Sun, L. and Wen, J. and Zhang, F. and Hu, W. and Feng, W. and Yang, S.},
	Date-Added = {2010-01-19 22:43:37 +0800},
	Date-Modified = {2010-06-09 20:02:47 +0800},
	Journal = {IEEE Transactions on Circuits and Systems for Video Technology},
	Number = {11},
	Pages = {1658--1666},
	Title = {{A framework for heuristic scheduling for parallel processing on multicore architecture: a case study with multiview video coding}},
	Volume = {19},
	Year = {2009},
	Bdsk-File-1 = {YnBsaXN0MDDUAQIDBAUIJidUJHRvcFgkb2JqZWN0c1gkdmVyc2lvblkkYXJjaGl2ZXLRBgdUcm9vdIABqAkKFRYXGyIjVSRudWxs0wsMDQ4RFFpOUy5vYmplY3RzV05TLmtleXNWJGNsYXNzog8QgASABqISE4ACgAOAB1lhbGlhc0RhdGFccmVsYXRpdmVQYXRo0hgNGRpXTlMuZGF0YU8RAZwAAAAAAZwAAgAACEJPT1RDQU1QAAAAAAAAAAAAAAAAAAAAAAAAAAAAAABCRAAB/////wgyMDA5LnBkZgAAAAAAAAAAAAAAAAAAAAAAAAAAAAAAAAAAAAAAAAAAAAAAAAAAAAAAAAAAAAAAAAAAAAAAAAD/////AAAAAAAAAAAAAAAAAAEAAwAACgBjdQAAAAAAAAAAAAAAAAAFWmhhbmcAAAIAYC86Vm9sdW1lczpCT09UQ0FNUDpXb3Jrc3BhY2U6U29sdXRpb25zOm12Y2RlY29kZXI6M0QgUHJvamVjdDp0aGVzaXM6bXlfdGhlc2lzOnJlZjpaaGFuZzoyMDA5LnBkZgAOABIACAAyADAAMAA5AC4AcABkAGYADwASAAgAQgBPAE8AVABDAEEATQBQABIATi9Xb3Jrc3BhY2UvU29sdXRpb25zL212Y2RlY29kZXIvM0QgUHJvamVjdC90aGVzaXMvbXlfdGhlc2lzL3JlZi9aaGFuZy8yMDA5LnBkZgATABEvVm9sdW1lcy9CT09UQ0FNUAD//wAAgAXSHB0eH1gkY2xhc3Nlc1okY2xhc3NuYW1lox8gIV1OU011dGFibGVEYXRhVk5TRGF0YVhOU09iamVjdF5aaGFuZy8yMDA5LnBkZtIcHSQloiUhXE5TRGljdGlvbmFyeRIAAYagXxAPTlNLZXllZEFyY2hpdmVyAAgAEQAWAB8AKAAyADUAOgA8AEUASwBSAF0AZQBsAG8AcQBzAHYAeAB6AHwAhgCTAJgAoAJAAkICRwJQAlsCXwJtAnQCfQKMApEClAKhAqYAAAAAAAACAQAAAAAAAAAoAAAAAAAAAAAAAAAAAAACuA==}}

@comment{BibDesk Static Groups{
<?xml version="1.0" encoding="UTF-8"?>
<!DOCTYPE plist PUBLIC "-//Apple//DTD PLIST 1.0//EN" "http://www.apple.com/DTDs/PropertyList-1.0.dtd">
<plist version="1.0">
<array>
	<dict>
		<key>group name</key>
		<string>Lifeng Sun recent publications</string>
		<key>keys</key>
		<string>zhang2009optimizing,zhang2008igridmedia,pang2007spatial,chen-delay,sun2007optimization,pang2009framework,cheng2007generation,zhang2007understanding</string>
	</dict>
	<dict>
		<key>group name</key>
		<string>Resources</string>
		<key>keys</key>
		<string>richardson2003h,meenderinck2009parallel,smolic2007coding</string>
	</dict>
</array>
</plist>
}}
