%% This BibTeX bibliography file was created using BibDesk.
%% http://bibdesk.sourceforge.net/


%% Created for Pei QING at 2010-03-10 14:44:27 +0800 


%% Saved with string encoding Unicode (UTF-8) 



@article{yi-survey,
	Author = {Yi, P. and Fengyan, Z. and Lifeng, SUN and Shiqiang, Y.},
	Date-Added = {2010-01-20 15:10:11 +0800},
	Date-Modified = {2010-01-20 15:17:14 +0800},
	Journal = {Journal of Frontiers of Computer Science and Technology},
	Title = {Survey of Parallel Acceleration Algorithms of Video Coding on Multi-core Processor},
	Year = {2009},
	Bdsk-File-1 = {YnBsaXN0MDDUAQIDBAUIJidUJHRvcFgkb2JqZWN0c1gkdmVyc2lvblkkYXJjaGl2ZXLRBgdUcm9vdIABqAkKFRYXGyIjVSRudWxs0wsMDQ4RFFpOUy5vYmplY3RzV05TLmtleXNWJGNsYXNzog8QgASABqISE4ACgAOAB1lhbGlhc0RhdGFccmVsYXRpdmVQYXRo0hgNGRpXTlMuZGF0YU8RAaYAAAAAAaYAAgAAA01hYwAAAAAAAAAAAAAAAAAAAAAAAAAAAAAAAMeC9NJIKwAAACOQeggyMDA5LmRvYwAAAAAAAAAAAAAAAAAAAAAAAAAAAAAAAAAAAAAAAAAAAAAAAAAAAAAAAAAAAAAAAAAAAAAAAAAAA14Tx3zBGwAAAAAAAAAAAAEAAwAACSAAAAAAAAAAAAAAAAAAAAACWWkAEAAIAADHgoRSAAAAEQAIAADHfFCbAAAAAQAYACOQegADdoYAA3BBAANRSAADRN4AAJD9AAIAT01hYzpVc2VyczplZHdhcmR0b2RheTpEb2N1bWVudHM6Q3VycmVudCBDb3Vyc2VzOlVuZGVyZ3JhZHVhdGVUaGVzaXM6WWk6MjAwOS5kb2MAAA4AEgAIADIAMAAwADkALgBkAG8AYwAPAAgAAwBNAGEAYwASAEtVc2Vycy9lZHdhcmR0b2RheS9Eb2N1bWVudHMvQ3VycmVudCBDb3Vyc2VzL1VuZGVyZ3JhZHVhdGVUaGVzaXMvWWkvMjAwOS5kb2MAABMAAS8AABUAAgAS//8AAIAF0hwdHh9YJGNsYXNzZXNaJGNsYXNzbmFtZaMfICFdTlNNdXRhYmxlRGF0YVZOU0RhdGFYTlNPYmplY3RbWWkvMjAwOS5kb2PSHB0kJaIlIVxOU0RpY3Rpb25hcnkSAAGGoF8QD05TS2V5ZWRBcmNoaXZlcgAIABEAFgAfACgAMgA1ADoAPABFAEsAUgBdAGUAbABvAHEAcwB2AHgAegB8AIYAkwCYAKACSgJMAlECWgJlAmkCdwJ+AocCkwKYApsCqAKtAAAAAAAAAgEAAAAAAAAAKAAAAAAAAAAAAAAAAAAAAr8=},
	Bdsk-File-2 = {YnBsaXN0MDDUAQIDBAUIJidUJHRvcFgkb2JqZWN0c1gkdmVyc2lvblkkYXJjaGl2ZXLRBgdUcm9vdIABqAkKFRYXGyIjVSRudWxs0wsMDQ4RFFpOUy5vYmplY3RzV05TLmtleXNWJGNsYXNzog8QgASABqISE4ACgAOAB1lhbGlhc0RhdGFccmVsYXRpdmVQYXRo0hgNGRpXTlMuZGF0YU8RAaYAAAAAAaYAAgAAA01hYwAAAAAAAAAAAAAAAAAAAAAAAAAAAAAAAMeC9NJIKwAAACOQeggyMDA5LnBkZgAAAAAAAAAAAAAAAAAAAAAAAAAAAAAAAAAAAAAAAAAAAAAAAAAAAAAAAAAAAAAAAAAAAAAAAAAAA14Ux3zNSwAAAAAAAAAAAAEAAwAACSAAAAAAAAAAAAAAAAAAAAACWWkAEAAIAADHgoRSAAAAEQAIAADHfFzLAAAAAQAYACOQegADdoYAA3BBAANRSAADRN4AAJD9AAIAT01hYzpVc2VyczplZHdhcmR0b2RheTpEb2N1bWVudHM6Q3VycmVudCBDb3Vyc2VzOlVuZGVyZ3JhZHVhdGVUaGVzaXM6WWk6MjAwOS5wZGYAAA4AEgAIADIAMAAwADkALgBwAGQAZgAPAAgAAwBNAGEAYwASAEtVc2Vycy9lZHdhcmR0b2RheS9Eb2N1bWVudHMvQ3VycmVudCBDb3Vyc2VzL1VuZGVyZ3JhZHVhdGVUaGVzaXMvWWkvMjAwOS5wZGYAABMAAS8AABUAAgAS//8AAIAF0hwdHh9YJGNsYXNzZXNaJGNsYXNzbmFtZaMfICFdTlNNdXRhYmxlRGF0YVZOU0RhdGFYTlNPYmplY3RbWWkvMjAwOS5wZGbSHB0kJaIlIVxOU0RpY3Rpb25hcnkSAAGGoF8QD05TS2V5ZWRBcmNoaXZlcgAIABEAFgAfACgAMgA1ADoAPABFAEsAUgBdAGUAbABvAHEAcwB2AHgAegB8AIYAkwCYAKACSgJMAlECWgJlAmkCdwJ+AocCkwKYApsCqAKtAAAAAAAAAgEAAAAAAAAAKAAAAAAAAAAAAAAAAAAAAr8=}}

@conference{muta2007multilevel,
	Author = {Muta, H. and Doi, M. and Nakano, H. and Mori, Y.},
	Booktitle = {Proceedings of the 15th international conference on Multimedia},
	Date-Added = {2010-01-20 15:07:27 +0800},
	Date-Modified = {2010-01-20 15:07:27 +0800},
	Organization = {ACM},
	Pages = {951},
	Title = {{Multilevel parallelization on the cell/BE for a motion JPEG 2000 encoding server}},
	Year = {2007},
	Bdsk-File-1 = {YnBsaXN0MDDUAQIDBAUIJidUJHRvcFgkb2JqZWN0c1gkdmVyc2lvblkkYXJjaGl2ZXLRBgdUcm9vdIABqAkKFRYXGyIjVSRudWxs0wsMDQ4RFFpOUy5vYmplY3RzV05TLmtleXNWJGNsYXNzog8QgASABqISE4ACgAOAB1lhbGlhc0RhdGFccmVsYXRpdmVQYXRo0hgNGRpXTlMuZGF0YU8RAawAAAAAAawAAgAAA01hYwAAAAAAAAAAAAAAAAAAAAAAAAAAAAAAAMeC9NJIKwAAACOQdggyMDA3LnBkZgAAAAAAAAAAAAAAAAAAAAAAAAAAAAAAAAAAAAAAAAAAAAAAAAAAAAAAAAAAAAAAAAAAAAAAAAAAA115x3zBHAAAAAAAAAAAAAEAAwAACSAAAAAAAAAAAAAAAAAAAAAETXV0YQAQAAgAAMeChFIAAAARAAgAAMd8UJwAAAABABgAI5B2AAN2hgADcEEAA1FIAANE3gAAkP0AAgBRTWFjOlVzZXJzOmVkd2FyZHRvZGF5OkRvY3VtZW50czpDdXJyZW50IENvdXJzZXM6VW5kZXJncmFkdWF0ZVRoZXNpczpNdXRhOjIwMDcucGRmAAAOABIACAAyADAAMAA3AC4AcABkAGYADwAIAAMATQBhAGMAEgBNVXNlcnMvZWR3YXJkdG9kYXkvRG9jdW1lbnRzL0N1cnJlbnQgQ291cnNlcy9VbmRlcmdyYWR1YXRlVGhlc2lzL011dGEvMjAwNy5wZGYAABMAAS8AABUAAgAS//8AAIAF0hwdHh9YJGNsYXNzZXNaJGNsYXNzbmFtZaMfICFdTlNNdXRhYmxlRGF0YVZOU0RhdGFYTlNPYmplY3RdTXV0YS8yMDA3LnBkZtIcHSQloiUhXE5TRGljdGlvbmFyeRIAAYagXxAPTlNLZXllZEFyY2hpdmVyAAgAEQAWAB8AKAAyADUAOgA8AEUASwBSAF0AZQBsAG8AcQBzAHYAeAB6AHwAhgCTAJgAoAJQAlICVwJgAmsCbwJ9AoQCjQKbAqACowKwArUAAAAAAAACAQAAAAAAAAAoAAAAAAAAAAAAAAAAAAACxw==}}

@conference{onural2006assessment,
	Author = {Onural, L. and Sikora, T. and Ostermann, J. and Smolic, A. and Civanlar, MR and Watson, J.},
	Booktitle = {Proc. of NAB Broadcast Engineering Conf},
	Date-Added = {2010-01-20 15:06:43 +0800},
	Date-Modified = {2010-01-20 15:06:43 +0800},
	Pages = {456--467},
	Title = {{An assessment of 3DTV technologies}},
	Year = {2006},
	Bdsk-File-1 = {YnBsaXN0MDDUAQIDBAUIJidUJHRvcFgkb2JqZWN0c1gkdmVyc2lvblkkYXJjaGl2ZXLRBgdUcm9vdIABqAkKFRYXGyIjVSRudWxs0wsMDQ4RFFpOUy5vYmplY3RzV05TLmtleXNWJGNsYXNzog8QgASABqISE4ACgAOAB1lhbGlhc0RhdGFccmVsYXRpdmVQYXRo0hgNGRpXTlMuZGF0YU8RAbIAAAAAAbIAAgAAA01hYwAAAAAAAAAAAAAAAAAAAAAAAAAAAAAAAMeC9NJIKwAAACOQcAgyMDA2LnBkZgAAAAAAAAAAAAAAAAAAAAAAAAAAAAAAAAAAAAAAAAAAAAAAAAAAAAAAAAAAAAAAAAAAAAAAAAAAA12Ix3zBHAAAAAAAAAAAAAEAAwAACSAAAAAAAAAAAAAAAAAAAAAGT251cmFsABAACAAAx4KEUgAAABEACAAAx3xQnAAAAAEAGAAjkHAAA3aGAANwQQADUUgAA0TeAACQ/QACAFNNYWM6VXNlcnM6ZWR3YXJkdG9kYXk6RG9jdW1lbnRzOkN1cnJlbnQgQ291cnNlczpVbmRlcmdyYWR1YXRlVGhlc2lzOk9udXJhbDoyMDA2LnBkZgAADgASAAgAMgAwADAANgAuAHAAZABmAA8ACAADAE0AYQBjABIAT1VzZXJzL2Vkd2FyZHRvZGF5L0RvY3VtZW50cy9DdXJyZW50IENvdXJzZXMvVW5kZXJncmFkdWF0ZVRoZXNpcy9PbnVyYWwvMjAwNi5wZGYAABMAAS8AABUAAgAS//8AAIAF0hwdHh9YJGNsYXNzZXNaJGNsYXNzbmFtZaMfICFdTlNNdXRhYmxlRGF0YVZOU0RhdGFYTlNPYmplY3RfEA9PbnVyYWwvMjAwNi5wZGbSHB0kJaIlIVxOU0RpY3Rpb25hcnkSAAGGoF8QD05TS2V5ZWRBcmNoaXZlcgAIABEAFgAfACgAMgA1ADoAPABFAEsAUgBdAGUAbABvAHEAcwB2AHgAegB8AIYAkwCYAKACVgJYAl0CZgJxAnUCgwKKApMCpQKqAq0CugK/AAAAAAAAAgEAAAAAAAAAKAAAAAAAAAAAAAAAAAAAAtE=}}

@article{merkle2007efficient,
	Author = {Merkle, P. and Smolic, A. and M{\\"u}ller, K. and Wiegand, T.},
	Date-Added = {2010-01-20 15:01:48 +0800},
	Date-Modified = {2010-01-20 15:01:48 +0800},
	Journal = {IEEE Transactions on circuits and systems for video technology},
	Number = {11},
	Pages = {1461--1473},
	Title = {{Efficient prediction structures for multiview video coding}},
	Volume = {17},
	Year = {2007},
	Bdsk-File-1 = {YnBsaXN0MDDUAQIDBAUIJidUJHRvcFgkb2JqZWN0c1gkdmVyc2lvblkkYXJjaGl2ZXLRBgdUcm9vdIABqAkKFRYXGyIjVSRudWxs0wsMDQ4RFFpOUy5vYmplY3RzV05TLmtleXNWJGNsYXNzog8QgASABqISE4ACgAOAB1lhbGlhc0RhdGFccmVsYXRpdmVQYXRo0hgNGRpXTlMuZGF0YU8RAbIAAAAAAbIAAgAAA01hYwAAAAAAAAAAAAAAAAAAAAAAAAAAAAAAAMeC9NJIKwAAACOQcwgyMDA3LnBkZgAAAAAAAAAAAAAAAAAAAAAAAAAAAAAAAAAAAAAAAAAAAAAAAAAAAAAAAAAAAAAAAAAAAAAAAAAAA11ex3zBHAAAAAAAAAAAAAEAAwAACSAAAAAAAAAAAAAAAAAAAAAGTWVya2xlABAACAAAx4KEUgAAABEACAAAx3xQnAAAAAEAGAAjkHMAA3aGAANwQQADUUgAA0TeAACQ/QACAFNNYWM6VXNlcnM6ZWR3YXJkdG9kYXk6RG9jdW1lbnRzOkN1cnJlbnQgQ291cnNlczpVbmRlcmdyYWR1YXRlVGhlc2lzOk1lcmtsZToyMDA3LnBkZgAADgASAAgAMgAwADAANwAuAHAAZABmAA8ACAADAE0AYQBjABIAT1VzZXJzL2Vkd2FyZHRvZGF5L0RvY3VtZW50cy9DdXJyZW50IENvdXJzZXMvVW5kZXJncmFkdWF0ZVRoZXNpcy9NZXJrbGUvMjAwNy5wZGYAABMAAS8AABUAAgAS//8AAIAF0hwdHh9YJGNsYXNzZXNaJGNsYXNzbmFtZaMfICFdTlNNdXRhYmxlRGF0YVZOU0RhdGFYTlNPYmplY3RfEA9NZXJrbGUvMjAwNy5wZGbSHB0kJaIlIVxOU0RpY3Rpb25hcnkSAAGGoF8QD05TS2V5ZWRBcmNoaXZlcgAIABEAFgAfACgAMgA1ADoAPABFAEsAUgBdAGUAbABvAHEAcwB2AHgAegB8AIYAkwCYAKACVgJYAl0CZgJxAnUCgwKKApMCpQKqAq0CugK/AAAAAAAAAgEAAAAAAAAAKAAAAAAAAAAAAAAAAAAAAtE=}}

@article{smolic2007coding,
	Author = {Smolic, A. and Mueller, K. and Stefanoski, N. and Ostermann, J. and Gotchev, A. and Akar, G.B. and Triantafyllidis, G. and Koz, A.},
	Date-Added = {2010-01-20 14:54:30 +0800},
	Date-Modified = {2010-01-20 14:54:30 +0800},
	Journal = {IEEE transactions on circuits and systems for video technology},
	Number = {11},
	Pages = {1606--1620},
	Title = {{Coding algorithms for 3DTV---a survey}},
	Volume = {17},
	Year = {2007},
	Bdsk-File-1 = {YnBsaXN0MDDUAQIDBAUIJidUJHRvcFgkb2JqZWN0c1gkdmVyc2lvblkkYXJjaGl2ZXLRBgdUcm9vdIABqAkKFRYXGyIjVSRudWxs0wsMDQ4RFFpOUy5vYmplY3RzV05TLmtleXNWJGNsYXNzog8QgASABqISE4ACgAOAB1lhbGlhc0RhdGFccmVsYXRpdmVQYXRo0hgNGRpXTlMuZGF0YU8RAbIAAAAAAbIAAgAAA01hYwAAAAAAAAAAAAAAAAAAAAAAAAAAAAAAAMeC9NJIKwAAACOQcQgyMDA3LnBkZgAAAAAAAAAAAAAAAAAAAAAAAAAAAAAAAAAAAAAAAAAAAAAAAAAAAAAAAAAAAAAAAAAAAAAAAAAAA13Qx3zBGgAAAAAAAAAAAAEAAwAACSAAAAAAAAAAAAAAAAAAAAAGU21vbGljABAACAAAx4KEUgAAABEACAAAx3xQmgAAAAEAGAAjkHEAA3aGAANwQQADUUgAA0TeAACQ/QACAFNNYWM6VXNlcnM6ZWR3YXJkdG9kYXk6RG9jdW1lbnRzOkN1cnJlbnQgQ291cnNlczpVbmRlcmdyYWR1YXRlVGhlc2lzOlNtb2xpYzoyMDA3LnBkZgAADgASAAgAMgAwADAANwAuAHAAZABmAA8ACAADAE0AYQBjABIAT1VzZXJzL2Vkd2FyZHRvZGF5L0RvY3VtZW50cy9DdXJyZW50IENvdXJzZXMvVW5kZXJncmFkdWF0ZVRoZXNpcy9TbW9saWMvMjAwNy5wZGYAABMAAS8AABUAAgAS//8AAIAF0hwdHh9YJGNsYXNzZXNaJGNsYXNzbmFtZaMfICFdTlNNdXRhYmxlRGF0YVZOU0RhdGFYTlNPYmplY3RfEA9TbW9saWMvMjAwNy5wZGbSHB0kJaIlIVxOU0RpY3Rpb25hcnkSAAGGoF8QD05TS2V5ZWRBcmNoaXZlcgAIABEAFgAfACgAMgA1ADoAPABFAEsAUgBdAGUAbABvAHEAcwB2AHgAegB8AIYAkwCYAKACVgJYAl0CZgJxAnUCgwKKApMCpQKqAq0CugK/AAAAAAAAAgEAAAAAAAAAKAAAAAAAAAAAAAAAAAAAAtE=}}

@book{richardson2003h,
	Author = {Richardson, I.E.G.},
	Date-Added = {2010-01-20 14:54:10 +0800},
	Date-Modified = {2010-01-20 14:54:10 +0800},
	Publisher = {John Wiley \& Sons Inc},
	Title = {{H. 264 and MPEG-4 video compression: video coding for next-generation multimedia}},
	Year = {2003},
	Bdsk-File-1 = {YnBsaXN0MDDUAQIDBAUIJidUJHRvcFgkb2JqZWN0c1gkdmVyc2lvblkkYXJjaGl2ZXLRBgdUcm9vdIABqAkKFRYXGyIjVSRudWxs0wsMDQ4RFFpOUy5vYmplY3RzV05TLmtleXNWJGNsYXNzog8QgASABqISE4ACgAOAB1lhbGlhc0RhdGFccmVsYXRpdmVQYXRo0hgNGRpXTlMuZGF0YU8RAb4AAAAAAb4AAgAAA01hYwAAAAAAAAAAAAAAAAAAAAAAAAAAAAAAAMeC9NJIKwAAACOQdQgyMDAzLnBkZgAAAAAAAAAAAAAAAAAAAAAAAAAAAAAAAAAAAAAAAAAAAAAAAAAAAAAAAAAAAAAAAAAAAAAAAAAAA12xx3y5uAAAAAAAAAAAAAEAAwAACSAAAAAAAAAAAAAAAAAAAAAKUmljaGFyZHNvbgAQAAgAAMeChFIAAAARAAgAAMd8STgAAAABABgAI5B1AAN2hgADcEEAA1FIAANE3gAAkP0AAgBXTWFjOlVzZXJzOmVkd2FyZHRvZGF5OkRvY3VtZW50czpDdXJyZW50IENvdXJzZXM6VW5kZXJncmFkdWF0ZVRoZXNpczpSaWNoYXJkc29uOjIwMDMucGRmAAAOABIACAAyADAAMAAzAC4AcABkAGYADwAIAAMATQBhAGMAEgBTVXNlcnMvZWR3YXJkdG9kYXkvRG9jdW1lbnRzL0N1cnJlbnQgQ291cnNlcy9VbmRlcmdyYWR1YXRlVGhlc2lzL1JpY2hhcmRzb24vMjAwMy5wZGYAABMAAS8AABUAAgAS//8AAIAF0hwdHh9YJGNsYXNzZXNaJGNsYXNzbmFtZaMfICFdTlNNdXRhYmxlRGF0YVZOU0RhdGFYTlNPYmplY3RfEBNSaWNoYXJkc29uLzIwMDMucGRm0hwdJCWiJSFcTlNEaWN0aW9uYXJ5EgABhqBfEA9OU0tleWVkQXJjaGl2ZXIACAARABYAHwAoADIANQA6ADwARQBLAFIAXQBlAGwAbwBxAHMAdgB4AHoAfACGAJMAmACgAmICZAJpAnICfQKBAo8ClgKfArUCugK9AsoCzwAAAAAAAAIBAAAAAAAAACgAAAAAAAAAAAAAAAAAAALh}}

@article{meenderinck2009parallel,
	Author = {Meenderinck, C. and Azevedo, A. and Juurlink, B. and Alvarez Mesa, M. and Ramirez, A.},
	Date-Added = {2010-01-20 14:53:32 +0800},
	Date-Modified = {2010-01-20 14:53:32 +0800},
	Journal = {Journal of Signal Processing Systems},
	Number = {2},
	Pages = {173--194},
	Publisher = {Springer},
	Title = {{Parallel scalability of video decoders}},
	Volume = {57},
	Year = {2009},
	Bdsk-File-1 = {YnBsaXN0MDDUAQIDBAUIJidUJHRvcFgkb2JqZWN0c1gkdmVyc2lvblkkYXJjaGl2ZXLRBgdUcm9vdIABqAkKFRYXGyIjVSRudWxs0wsMDQ4RFFpOUy5vYmplY3RzV05TLmtleXNWJGNsYXNzog8QgASABqISE4ACgAOAB1lhbGlhc0RhdGFccmVsYXRpdmVQYXRo0hgNGRpXTlMuZGF0YU8RAcAAAAAAAcAAAgAAA01hYwAAAAAAAAAAAAAAAAAAAAAAAAAAAAAAAMeC9NJIKwAAACOQeAgyMDA5LnBkZgAAAAAAAAAAAAAAAAAAAAAAAAAAAAAAAAAAAAAAAAAAAAAAAAAAAAAAAAAAAAAAAAAAAAAAAAAAA11cx3zBGwAAAAAAAAAAAAEAAwAACSAAAAAAAAAAAAAAAAAAAAALTWVlbmRlcmluY2sAABAACAAAx4KEUgAAABEACAAAx3xQmwAAAAEAGAAjkHgAA3aGAANwQQADUUgAA0TeAACQ/QACAFhNYWM6VXNlcnM6ZWR3YXJkdG9kYXk6RG9jdW1lbnRzOkN1cnJlbnQgQ291cnNlczpVbmRlcmdyYWR1YXRlVGhlc2lzOk1lZW5kZXJpbmNrOjIwMDkucGRmAA4AEgAIADIAMAAwADkALgBwAGQAZgAPAAgAAwBNAGEAYwASAFRVc2Vycy9lZHdhcmR0b2RheS9Eb2N1bWVudHMvQ3VycmVudCBDb3Vyc2VzL1VuZGVyZ3JhZHVhdGVUaGVzaXMvTWVlbmRlcmluY2svMjAwOS5wZGYAEwABLwAAFQACABL//wAAgAXSHB0eH1gkY2xhc3Nlc1okY2xhc3NuYW1lox8gIV1OU011dGFibGVEYXRhVk5TRGF0YVhOU09iamVjdF8QFE1lZW5kZXJpbmNrLzIwMDkucGRm0hwdJCWiJSFcTlNEaWN0aW9uYXJ5EgABhqBfEA9OU0tleWVkQXJjaGl2ZXIACAARABYAHwAoADIANQA6ADwARQBLAFIAXQBlAGwAbwBxAHMAdgB4AHoAfACGAJMAmACgAmQCZgJrAnQCfwKDApECmAKhArgCvQLAAs0C0gAAAAAAAAIBAAAAAAAAACgAAAAAAAAAAAAAAAAAAALk}}

@conference{sun2007optimization,
	Author = {Sun, L. and Liang, K. and Yang, S. and Zhong, Y.},
	Booktitle = {Advances in Multimedia Modeling: 13th International Multimedia Modeling Conference, MMM 2007, Singapore, January 9-12, 2007: Proceedings},
	Date-Added = {2010-01-19 22:58:54 +0800},
	Date-Modified = {2010-01-19 22:58:54 +0800},
	Organization = {Springer Verlag},
	Pages = {23},
	Title = {{Optimization of System Performance for DVC Applications with Energy Constraints over Ad Hoc Networks}},
	Year = {2007},
	Bdsk-File-1 = {YnBsaXN0MDDUAQIDBAUIJidUJHRvcFgkb2JqZWN0c1gkdmVyc2lvblkkYXJjaGl2ZXLRBgdUcm9vdIABqAkKFRYXGyIjVSRudWxs0wsMDQ4RFFpOUy5vYmplY3RzV05TLmtleXNWJGNsYXNzog8QgASABqISE4ACgAOAB1lhbGlhc0RhdGFccmVsYXRpdmVQYXRo0hgNGRpXTlMuZGF0YU8RAagAAAAAAagAAgAAA01hYwAAAAAAAAAAAAAAAAAAAAAAAAAAAAAAAMeC9NJIKwAAACOQdwgyMDA3LnBkZgAAAAAAAAAAAAAAAAAAAAAAAAAAAAAAAAAAAAAAAAAAAAAAAAAAAAAAAAAAAAAAAAAAAAAAAAAAA13lx3vpnwAAAAAAAAAAAAEAAwAACSAAAAAAAAAAAAAAAAAAAAADU3VuAAAQAAgAAMeChFIAAAARAAgAAMd7eR8AAAABABgAI5B3AAN2hgADcEEAA1FIAANE3gAAkP0AAgBQTWFjOlVzZXJzOmVkd2FyZHRvZGF5OkRvY3VtZW50czpDdXJyZW50IENvdXJzZXM6VW5kZXJncmFkdWF0ZVRoZXNpczpTdW46MjAwNy5wZGYADgASAAgAMgAwADAANwAuAHAAZABmAA8ACAADAE0AYQBjABIATFVzZXJzL2Vkd2FyZHRvZGF5L0RvY3VtZW50cy9DdXJyZW50IENvdXJzZXMvVW5kZXJncmFkdWF0ZVRoZXNpcy9TdW4vMjAwNy5wZGYAEwABLwAAFQACABL//wAAgAXSHB0eH1gkY2xhc3Nlc1okY2xhc3NuYW1lox8gIV1OU011dGFibGVEYXRhVk5TRGF0YVhOU09iamVjdFxTdW4vMjAwNy5wZGbSHB0kJaIlIVxOU0RpY3Rpb25hcnkSAAGGoF8QD05TS2V5ZWRBcmNoaXZlcgAIABEAFgAfACgAMgA1ADoAPABFAEsAUgBdAGUAbABvAHEAcwB2AHgAegB8AIYAkwCYAKACTAJOAlMCXAJnAmsCeQKAAokClgKbAp4CqwKwAAAAAAAAAgEAAAAAAAAAKAAAAAAAAAAAAAAAAAAAAsI=}}

@conference{cheng2007generation,
	Author = {Cheng, X. and Sun, L. and Yang, S.},
	Booktitle = {IEEE International Conference on Image Processing, 2007. ICIP 2007},
	Date-Added = {2010-01-19 22:57:33 +0800},
	Date-Modified = {2010-01-19 22:57:33 +0800},
	Title = {{Generation of layered depth images from multi-view video}},
	Volume = {5},
	Year = {2007},
	Bdsk-File-1 = {YnBsaXN0MDDUAQIDBAUIJidUJHRvcFgkb2JqZWN0c1gkdmVyc2lvblkkYXJjaGl2ZXLRBgdUcm9vdIABqAkKFRYXGyIjVSRudWxs0wsMDQ4RFFpOUy5vYmplY3RzV05TLmtleXNWJGNsYXNzog8QgASABqISE4ACgAOAB1lhbGlhc0RhdGFccmVsYXRpdmVQYXRo0hgNGRpXTlMuZGF0YU8RAa4AAAAAAa4AAgAAA01hYwAAAAAAAAAAAAAAAAAAAAAAAAAAAAAAAMeC9NJIKwAAACOQdAgyMDA3LnBkZgAAAAAAAAAAAAAAAAAAAAAAAAAAAAAAAAAAAAAAAAAAAAAAAAAAAAAAAAAAAAAAAAAAAAAAAAAAA1y5x3vpWAAAAAAAAAAAAAEAAwAACSAAAAAAAAAAAAAAAAAAAAAFQ2hlbmcAABAACAAAx4KEUgAAABEACAAAx3t42AAAAAEAGAAjkHQAA3aGAANwQQADUUgAA0TeAACQ/QACAFJNYWM6VXNlcnM6ZWR3YXJkdG9kYXk6RG9jdW1lbnRzOkN1cnJlbnQgQ291cnNlczpVbmRlcmdyYWR1YXRlVGhlc2lzOkNoZW5nOjIwMDcucGRmAA4AEgAIADIAMAAwADcALgBwAGQAZgAPAAgAAwBNAGEAYwASAE5Vc2Vycy9lZHdhcmR0b2RheS9Eb2N1bWVudHMvQ3VycmVudCBDb3Vyc2VzL1VuZGVyZ3JhZHVhdGVUaGVzaXMvQ2hlbmcvMjAwNy5wZGYAEwABLwAAFQACABL//wAAgAXSHB0eH1gkY2xhc3Nlc1okY2xhc3NuYW1lox8gIV1OU011dGFibGVEYXRhVk5TRGF0YVhOU09iamVjdF5DaGVuZy8yMDA3LnBkZtIcHSQloiUhXE5TRGljdGlvbmFyeRIAAYagXxAPTlNLZXllZEFyY2hpdmVyAAgAEQAWAB8AKAAyADUAOgA8AEUASwBSAF0AZQBsAG8AcQBzAHYAeAB6AHwAhgCTAJgAoAJSAlQCWQJiAm0CcQJ/AoYCjwKeAqMCpgKzArgAAAAAAAACAQAAAAAAAAAoAAAAAAAAAAAAAAAAAAACyg==}}

@conference{pang2007spatial,
	Author = {Pang, Y. and Sun, L. and Guo, S. and Yang, S.},
	Booktitle = {IEEE 9th Workshop on Multimedia Signal Processing, 2007. MMSP 2007},
	Date-Added = {2010-01-19 22:57:11 +0800},
	Date-Modified = {2010-01-19 22:57:11 +0800},
	Pages = {441--444},
	Title = {{Spatial and Temporal Data Parallelization of Multi-view Video Encoding Algorithm}},
	Year = {2007},
	Bdsk-File-1 = {YnBsaXN0MDDUAQIDBAUIJidUJHRvcFgkb2JqZWN0c1gkdmVyc2lvblkkYXJjaGl2ZXLRBgdUcm9vdIABqAkKFRYXGyIjVSRudWxs0wsMDQ4RFFpOUy5vYmplY3RzV05TLmtleXNWJGNsYXNzog8QgASABqISE4ACgAOAB1lhbGlhc0RhdGFccmVsYXRpdmVQYXRo0hgNGRpXTlMuZGF0YU8RAawAAAAAAawAAgAAA01hYwAAAAAAAAAAAAAAAAAAAAAAAAAAAAAAAMeC9NJIKwAAACOQeQgyMDA3LnBkZgAAAAAAAAAAAAAAAAAAAAAAAAAAAAAAAAAAAAAAAAAAAAAAAAAAAAAAAAAAAAAAAAAAAAAAAAAAA12Nx3vpPgAAAAAAAAAAAAEAAwAACSAAAAAAAAAAAAAAAAAAAAAEUGFuZwAQAAgAAMeChFIAAAARAAgAAMd7eL4AAAABABgAI5B5AAN2hgADcEEAA1FIAANE3gAAkP0AAgBRTWFjOlVzZXJzOmVkd2FyZHRvZGF5OkRvY3VtZW50czpDdXJyZW50IENvdXJzZXM6VW5kZXJncmFkdWF0ZVRoZXNpczpQYW5nOjIwMDcucGRmAAAOABIACAAyADAAMAA3AC4AcABkAGYADwAIAAMATQBhAGMAEgBNVXNlcnMvZWR3YXJkdG9kYXkvRG9jdW1lbnRzL0N1cnJlbnQgQ291cnNlcy9VbmRlcmdyYWR1YXRlVGhlc2lzL1BhbmcvMjAwNy5wZGYAABMAAS8AABUAAgAS//8AAIAF0hwdHh9YJGNsYXNzZXNaJGNsYXNzbmFtZaMfICFdTlNNdXRhYmxlRGF0YVZOU0RhdGFYTlNPYmplY3RdUGFuZy8yMDA3LnBkZtIcHSQloiUhXE5TRGljdGlvbmFyeRIAAYagXxAPTlNLZXllZEFyY2hpdmVyAAgAEQAWAB8AKAAyADUAOgA8AEUASwBSAF0AZQBsAG8AcQBzAHYAeAB6AHwAhgCTAJgAoAJQAlICVwJgAmsCbwJ9AoQCjQKbAqACowKwArUAAAAAAAACAQAAAAAAAAAoAAAAAAAAAAAAAAAAAAACxw==}}

@conference{zhang2008igridmedia,
	Author = {Zhang, M. and Sun, L. and Xi, X. and Yang, S.},
	Booktitle = {IEEE Global Telecommunications Conference, 2008. IEEE GLOBECOM 2008},
	Date-Added = {2010-01-19 22:56:06 +0800},
	Date-Modified = {2010-01-19 22:56:06 +0800},
	Pages = {1--5},
	Title = {{iGridMedia: Providing Delay-Guaranteed Peer-to-Peer Live Streaming Service on Internet}},
	Year = {2008},
	Bdsk-File-1 = {YnBsaXN0MDDUAQIDBAUIJidUJHRvcFgkb2JqZWN0c1gkdmVyc2lvblkkYXJjaGl2ZXLRBgdUcm9vdIABqAkKFRYXGyIjVSRudWxs0wsMDQ4RFFpOUy5vYmplY3RzV05TLmtleXNWJGNsYXNzog8QgASABqISE4ACgAOAB1lhbGlhc0RhdGFccmVsYXRpdmVQYXRo0hgNGRpXTlMuZGF0YU8RAa4AAAAAAa4AAgAAA01hYwAAAAAAAAAAAAAAAAAAAAAAAAAAAAAAAMeC9NJIKwAAACOQbwgyMDA4LnBkZgAAAAAAAAAAAAAAAAAAAAAAAAAAAAAAAAAAAAAAAAAAAAAAAAAAAAAAAAAAAAAAAAAAAAAAAAAAA14dx3vpAAAAAAAAAAAAAAEAAwAACSAAAAAAAAAAAAAAAAAAAAAFWmhhbmcAABAACAAAx4KEUgAAABEACAAAx3t4gAAAAAEAGAAjkG8AA3aGAANwQQADUUgAA0TeAACQ/QACAFJNYWM6VXNlcnM6ZWR3YXJkdG9kYXk6RG9jdW1lbnRzOkN1cnJlbnQgQ291cnNlczpVbmRlcmdyYWR1YXRlVGhlc2lzOlpoYW5nOjIwMDgucGRmAA4AEgAIADIAMAAwADgALgBwAGQAZgAPAAgAAwBNAGEAYwASAE5Vc2Vycy9lZHdhcmR0b2RheS9Eb2N1bWVudHMvQ3VycmVudCBDb3Vyc2VzL1VuZGVyZ3JhZHVhdGVUaGVzaXMvWmhhbmcvMjAwOC5wZGYAEwABLwAAFQACABL//wAAgAXSHB0eH1gkY2xhc3Nlc1okY2xhc3NuYW1lox8gIV1OU011dGFibGVEYXRhVk5TRGF0YVhOU09iamVjdF5aaGFuZy8yMDA4LnBkZtIcHSQloiUhXE5TRGljdGlvbmFyeRIAAYagXxAPTlNLZXllZEFyY2hpdmVyAAgAEQAWAB8AKAAyADUAOgA8AEUASwBSAF0AZQBsAG8AcQBzAHYAeAB6AHwAhgCTAJgAoAJSAlQCWQJiAm0CcQJ/AoYCjwKeAqMCpgKzArgAAAAAAAACAQAAAAAAAAAoAAAAAAAAAAAAAAAAAAACyg==}}

@article{chen-delay,
	Author = {Chen, Z. and Zhang, M. and Sun, L. and Yang, S.},
	Date-Added = {2010-01-19 22:49:37 +0800},
	Date-Modified = {2010-01-19 22:53:01 +0800},
	Journal = {IEEE ISCAS2009},
	Title = {{Delay-Guaranteed Interactive Multiview Video Streaming}},
	Volume = {5},
	Year = {2009},
	Bdsk-File-1 = {YnBsaXN0MDDUAQIDBAUIJidUJHRvcFgkb2JqZWN0c1gkdmVyc2lvblkkYXJjaGl2ZXLRBgdUcm9vdIABqAkKFRYXGyIjVSRudWxs0wsMDQ4RFFpOUy5vYmplY3RzV05TLmtleXNWJGNsYXNzog8QgASABqISE4ACgAOAB1lhbGlhc0RhdGFccmVsYXRpdmVQYXRo0hgNGRpXTlMuZGF0YU8RAawAAAAAAawAAgAAA01hYwAAAAAAAAAAAAAAAAAAAAAAAAAAAAAAAMeC9NJIKwAAACOQcggyMDA5LnBkZgAAAAAAAAAAAAAAAAAAAAAAAAAAAAAAAAAAAAAAAAAAAAAAAAAAAAAAAAAAAAAAAAAAAAAAAAAAA1y2x3vnpQAAAAAAAAAAAAEAAwAACSAAAAAAAAAAAAAAAAAAAAAEQ2hlbgAQAAgAAMeChFIAAAARAAgAAMd7dyUAAAABABgAI5ByAAN2hgADcEEAA1FIAANE3gAAkP0AAgBRTWFjOlVzZXJzOmVkd2FyZHRvZGF5OkRvY3VtZW50czpDdXJyZW50IENvdXJzZXM6VW5kZXJncmFkdWF0ZVRoZXNpczpDaGVuOjIwMDkucGRmAAAOABIACAAyADAAMAA5AC4AcABkAGYADwAIAAMATQBhAGMAEgBNVXNlcnMvZWR3YXJkdG9kYXkvRG9jdW1lbnRzL0N1cnJlbnQgQ291cnNlcy9VbmRlcmdyYWR1YXRlVGhlc2lzL0NoZW4vMjAwOS5wZGYAABMAAS8AABUAAgAS//8AAIAF0hwdHh9YJGNsYXNzZXNaJGNsYXNzbmFtZaMfICFdTlNNdXRhYmxlRGF0YVZOU0RhdGFYTlNPYmplY3RdQ2hlbi8yMDA5LnBkZtIcHSQloiUhXE5TRGljdGlvbmFyeRIAAYagXxAPTlNLZXllZEFyY2hpdmVyAAgAEQAWAB8AKAAyADUAOgA8AEUASwBSAF0AZQBsAG8AcQBzAHYAeAB6AHwAhgCTAJgAoAJQAlICVwJgAmsCbwJ9AoQCjQKbAqACowKwArUAAAAAAAACAQAAAAAAAAAoAAAAAAAAAAAAAAAAAAACxw==}}

@article{zhang2007understanding,
	Author = {Zhang, M. and Zhang, Q. and Sun, L. and Yang, S.},
	Date-Added = {2010-01-19 22:48:32 +0800},
	Date-Modified = {2010-01-19 22:48:32 +0800},
	Journal = {IEEE journal on selected areas in communications},
	Number = {9},
	Pages = {1678},
	Publisher = {Citeseer},
	Title = {{Understanding the power of pull-based streaming protocol: Can we do better?}},
	Volume = {25},
	Year = {2007},
	Bdsk-File-1 = {YnBsaXN0MDDUAQIDBAUIJidUJHRvcFgkb2JqZWN0c1gkdmVyc2lvblkkYXJjaGl2ZXLRBgdUcm9vdIABqAkKFRYXGyIjVSRudWxs0wsMDQ4RFFpOUy5vYmplY3RzV05TLmtleXNWJGNsYXNzog8QgASABqISE4ACgAOAB1lhbGlhc0RhdGFccmVsYXRpdmVQYXRo0hgNGRpXTlMuZGF0YU8RAa4AAAAAAa4AAgAAA01hYwAAAAAAAAAAAAAAAAAAAAAAAAAAAAAAAMeC9NJIKwAAACOQbwgyMDA3LnBkZgAAAAAAAAAAAAAAAAAAAAAAAAAAAAAAAAAAAAAAAAAAAAAAAAAAAAAAAAAAAAAAAAAAAAAAAAAAA14cx3vnNQAAAAAAAAAAAAEAAwAACSAAAAAAAAAAAAAAAAAAAAAFWmhhbmcAABAACAAAx4KEUgAAABEACAAAx3t2tQAAAAEAGAAjkG8AA3aGAANwQQADUUgAA0TeAACQ/QACAFJNYWM6VXNlcnM6ZWR3YXJkdG9kYXk6RG9jdW1lbnRzOkN1cnJlbnQgQ291cnNlczpVbmRlcmdyYWR1YXRlVGhlc2lzOlpoYW5nOjIwMDcucGRmAA4AEgAIADIAMAAwADcALgBwAGQAZgAPAAgAAwBNAGEAYwASAE5Vc2Vycy9lZHdhcmR0b2RheS9Eb2N1bWVudHMvQ3VycmVudCBDb3Vyc2VzL1VuZGVyZ3JhZHVhdGVUaGVzaXMvWmhhbmcvMjAwNy5wZGYAEwABLwAAFQACABL//wAAgAXSHB0eH1gkY2xhc3Nlc1okY2xhc3NuYW1lox8gIV1OU011dGFibGVEYXRhVk5TRGF0YVhOU09iamVjdF5aaGFuZy8yMDA3LnBkZtIcHSQloiUhXE5TRGljdGlvbmFyeRIAAYagXxAPTlNLZXllZEFyY2hpdmVyAAgAEQAWAB8AKAAyADUAOgA8AEUASwBSAF0AZQBsAG8AcQBzAHYAeAB6AHwAhgCTAJgAoAJSAlQCWQJiAm0CcQJ/AoYCjwKeAqMCpgKzArgAAAAAAAACAQAAAAAAAAAoAAAAAAAAAAAAAAAAAAACyg==}}

@article{zhang2009optimizing,
	Author = {Zhang, M. and Xiong, Y. and Zhang, Q. and Sun, L. and Yang, S.},
	Date-Added = {2010-01-19 22:46:39 +0800},
	Date-Modified = {2010-01-19 22:46:39 +0800},
	Journal = {IEEE Transactions on Parallel and Distributed Systems},
	Pages = {97--110},
	Publisher = {IEEE Computer Society},
	Title = {{Optimizing the throughput of data-driven peer-to-peer streaming}},
	Year = {2009},
	Bdsk-File-1 = {YnBsaXN0MDDUAQIDBAUIJidUJHRvcFgkb2JqZWN0c1gkdmVyc2lvblkkYXJjaGl2ZXLRBgdUcm9vdIABqAkKFRYXGyIjVSRudWxs0wsMDQ4RFFpOUy5vYmplY3RzV05TLmtleXNWJGNsYXNzog8QgASABqISE4ACgAOAB1lhbGlhc0RhdGFccmVsYXRpdmVQYXRo0hgNGRpXTlMuZGF0YU8RAbQAAAAAAbQAAgAAA01hYwAAAAAAAAAAAAAAAAAAAAAAAAAAAAAAAMeC9NJIKwAAACOQbwkyMDA5YS5wZGYAAAAAAAAAAAAAAAAAAAAAAAAAAAAAAAAAAAAAAAAAAAAAAAAAAAAAAAAAAAAAAAAAAAAAAAAAA14ex3vmvgAAAAAAAAAAAAEAAwAACSAAAAAAAAAAAAAAAAAAAAAFWmhhbmcAABAACAAAx4KEUgAAABEACAAAx3t2PgAAAAEAGAAjkG8AA3aGAANwQQADUUgAA0TeAACQ/QACAFNNYWM6VXNlcnM6ZWR3YXJkdG9kYXk6RG9jdW1lbnRzOkN1cnJlbnQgQ291cnNlczpVbmRlcmdyYWR1YXRlVGhlc2lzOlpoYW5nOjIwMDlhLnBkZgAADgAUAAkAMgAwADAAOQBhAC4AcABkAGYADwAIAAMATQBhAGMAEgBPVXNlcnMvZWR3YXJkdG9kYXkvRG9jdW1lbnRzL0N1cnJlbnQgQ291cnNlcy9VbmRlcmdyYWR1YXRlVGhlc2lzL1poYW5nLzIwMDlhLnBkZgAAEwABLwAAFQACABL//wAAgAXSHB0eH1gkY2xhc3Nlc1okY2xhc3NuYW1lox8gIV1OU011dGFibGVEYXRhVk5TRGF0YVhOU09iamVjdF8QD1poYW5nLzIwMDlhLnBkZtIcHSQloiUhXE5TRGljdGlvbmFyeRIAAYagXxAPTlNLZXllZEFyY2hpdmVyAAgAEQAWAB8AKAAyADUAOgA8AEUASwBSAF0AZQBsAG8AcQBzAHYAeAB6AHwAhgCTAJgAoAJYAloCXwJoAnMCdwKFAowClQKnAqwCrwK8AsEAAAAAAAACAQAAAAAAAAAoAAAAAAAAAAAAAAAAAAAC0w==}}

@article{zhang2009framework,
	Author = {Zhang, F. and Hu, W. and Feng, W. and Yang, S.},
	Date-Added = {2010-01-19 22:43:37 +0800},
	Date-Modified = {2010-01-19 22:43:37 +0800},
	Title = {{A Framework for Heuristic Scheduling for Parallel Processing on Multi-Core Architecture-A Case Study with Multi-view Video Coding (MVC)}},
	Year = {2009},
	Bdsk-File-1 = {YnBsaXN0MDDUAQIDBAUIJidUJHRvcFgkb2JqZWN0c1gkdmVyc2lvblkkYXJjaGl2ZXLRBgdUcm9vdIABqAkKFRYXGyIjVSRudWxs0wsMDQ4RFFpOUy5vYmplY3RzV05TLmtleXNWJGNsYXNzog8QgASABqISE4ACgAOAB1lhbGlhc0RhdGFccmVsYXRpdmVQYXRo0hgNGRpXTlMuZGF0YU8RAa4AAAAAAa4AAgAAA01hYwAAAAAAAAAAAAAAAAAAAAAAAAAAAAAAAMeC9NJIKwAAACOQbwgyMDA5LnBkZgAAAAAAAAAAAAAAAAAAAAAAAAAAAAAAAAAAAAAAAAAAAAAAAAAAAAAAAAAAAAAAAAAAAAAAAAAAA14fx3vmDgAAAAAAAAAAAAEAAwAACSAAAAAAAAAAAAAAAAAAAAAFWmhhbmcAABAACAAAx4KEUgAAABEACAAAx3t1jgAAAAEAGAAjkG8AA3aGAANwQQADUUgAA0TeAACQ/QACAFJNYWM6VXNlcnM6ZWR3YXJkdG9kYXk6RG9jdW1lbnRzOkN1cnJlbnQgQ291cnNlczpVbmRlcmdyYWR1YXRlVGhlc2lzOlpoYW5nOjIwMDkucGRmAA4AEgAIADIAMAAwADkALgBwAGQAZgAPAAgAAwBNAGEAYwASAE5Vc2Vycy9lZHdhcmR0b2RheS9Eb2N1bWVudHMvQ3VycmVudCBDb3Vyc2VzL1VuZGVyZ3JhZHVhdGVUaGVzaXMvWmhhbmcvMjAwOS5wZGYAEwABLwAAFQACABL//wAAgAXSHB0eH1gkY2xhc3Nlc1okY2xhc3NuYW1lox8gIV1OU011dGFibGVEYXRhVk5TRGF0YVhOU09iamVjdF5aaGFuZy8yMDA5LnBkZtIcHSQloiUhXE5TRGljdGlvbmFyeRIAAYagXxAPTlNLZXllZEFyY2hpdmVyAAgAEQAWAB8AKAAyADUAOgA8AEUASwBSAF0AZQBsAG8AcQBzAHYAeAB6AHwAhgCTAJgAoAJSAlQCWQJiAm0CcQJ/AoYCjwKeAqMCpgKzArgAAAAAAAACAQAAAAAAAAAoAAAAAAAAAAAAAAAAAAACyg==}}

@comment{BibDesk Static Groups{
<?xml version="1.0" encoding="UTF-8"?>
<!DOCTYPE plist PUBLIC "-//Apple//DTD PLIST 1.0//EN" "http://www.apple.com/DTDs/PropertyList-1.0.dtd">
<plist version="1.0">
<array>
	<dict>
		<key>group name</key>
		<string>Lifeng Sun recent publications</string>
		<key>keys</key>
		<string>zhang2009optimizing,zhang2008igridmedia,pang2007spatial,chen-delay,sun2007optimization,zhang2009framework,cheng2007generation,zhang2007understanding</string>
	</dict>
	<dict>
		<key>group name</key>
		<string>Resources</string>
		<key>keys</key>
		<string>meenderinck2009parallel,smolic2007coding,richardson2003h</string>
	</dict>
</array>
</plist>
}}
