%% This BibTeX bibliography file was created using BibDesk.
%% http://bibdesk.sourceforge.net/


%% Created for Pei QING at 2010-06-19 14:36:50 +0800 


%% Saved with string encoding Unicode (UTF-8) 



@conference{murata1998fast,
	Author = {Murata, E. and Ikekawa, M. and Kuroda, C.},
	Booktitle = {Acoustics, Speech and Signal Processing, 1998. Proceedings of the 1998 IEEE International Conference on},
	Date-Added = {2010-06-19 14:36:39 +0800},
	Date-Modified = {2010-06-19 14:36:39 +0800},
	Title = {{Fast 2D IDCT implementation with multimedia instructions for asoftware MPEG2 decoder}},
	Volume = {5},
	Year = {1998},
	Bdsk-File-1 = {YnBsaXN0MDDUAQIDBAUIJidUJHRvcFgkb2JqZWN0c1gkdmVyc2lvblkkYXJjaGl2ZXLRBgdUcm9vdIABqAkKFRYXGyIjVSRudWxs0wsMDQ4RFFpOUy5vYmplY3RzV05TLmtleXNWJGNsYXNzog8QgASABqISE4ACgAOAB1lhbGlhc0RhdGFccmVsYXRpdmVQYXRo0hgNGRpXTlMuZGF0YU8RAa4AAAAAAa4AAgAAA01hYwAAAAAAAAAAAAAAAAAAAAAAAAAAAAAAAMeC9NJIKwAAAECp7QgxOTk4LnBkZgAAAAAAAAAAAAAAAAAAAAAAAAAAAAAAAAAAAAAAAAAAAAAAAAAAAAAAAAAAAAAAAAAAAAAAAAAAP4xvyD/39gAAAAAAAAAAAAEAAwAACSAAAAAAAAAAAAAAAAAAAAAGTXVyYXRhABAACAAAx4KEUgAAABEACAAAyD+HdgAAAAEAIABAqe0AOgzmADoMagA6DDsAOgv8AANRQwADRN4AAJD9AAIATU1hYzpVc2VyczplZHdhcmR0b2RheTpEZXNrdG9wOjNEIFByb2plY3Q6dGhlc2lzOm15X3RoZXNpczpyZWY6TXVyYXRhOjE5OTgucGRmAAAOABIACAAxADkAOQA4AC4AcABkAGYADwAIAAMATQBhAGMAEgBJVXNlcnMvZWR3YXJkdG9kYXkvRGVza3RvcC8zRCBQcm9qZWN0L3RoZXNpcy9teV90aGVzaXMvcmVmL011cmF0YS8xOTk4LnBkZgAAEwABLwAAFQACABL//wAAgAXSHB0eH1gkY2xhc3Nlc1okY2xhc3NuYW1lox8gIV1OU011dGFibGVEYXRhVk5TRGF0YVhOU09iamVjdF8QD011cmF0YS8xOTk4LnBkZtIcHSQloiUhXE5TRGljdGlvbmFyeRIAAYagXxAPTlNLZXllZEFyY2hpdmVyAAgAEQAWAB8AKAAyADUAOgA8AEUASwBSAF0AZQBsAG8AcQBzAHYAeAB6AHwAhgCTAJgAoAJSAlQCWQJiAm0CcQJ/AoYCjwKhAqYCqQK2ArsAAAAAAAACAQAAAAAAAAAoAAAAAAAAAAAAAAAAAAACzQ==}}

@techreport{intel-ap945,
	Date-Added = {2010-06-17 16:27:25 +0800},
	Date-Modified = {2010-06-17 16:30:23 +0800},
	Institution = {{Intel Corp.}},
	Number = {Order Number: 248670-001},
	Title = {{Using Streaming SIMD Extensions (SSE2) to Implement an Inverse Discrete Cosine Transform}},
	Type = {{Application Note AP-945}},
	Bdsk-File-1 = {YnBsaXN0MDDUAQIDBAUIJidUJHRvcFgkb2JqZWN0c1gkdmVyc2lvblkkYXJjaGl2ZXLRBgdUcm9vdIABqAkKFRYXGyIjVSRudWxs0wsMDQ4RFFpOUy5vYmplY3RzV05TLmtleXNWJGNsYXNzog8QgASABqISE4ACgAOAB1lhbGlhc0RhdGFccmVsYXRpdmVQYXRo0hgNGRpXTlMuZGF0YU8RAYgAAAAAAYgAAgAAA01hYwAAAAAAAAAAAAAAAAAAAAAAAAAAAAAAAMeC9NJIKwAAADoM5gQucGRmAAAAAAAAAAAAAAAAAAAAAAAAAAAAAAAAAAAAAAAAAAAAAAAAAAAAAAAAAAAAAAAAAAAAAAAAAAAAAAAAP4jxyD/06QAAAAAAAAAAAAEAAgAACSAAAAAAAAAAAAAAAAAAAAADcmVmAAAQAAgAAMeChFIAAAARAAgAAMg/hGkAAAABABwAOgzmADoMagA6DDsAOgv8AANRQwADRN4AAJD9AAIAQk1hYzpVc2VyczplZHdhcmR0b2RheTpEZXNrdG9wOjNEIFByb2plY3Q6dGhlc2lzOm15X3RoZXNpczpyZWY6LnBkZgAOAAoABAAuAHAAZABmAA8ACAADAE0AYQBjABIAPlVzZXJzL2Vkd2FyZHRvZGF5L0Rlc2t0b3AvM0QgUHJvamVjdC90aGVzaXMvbXlfdGhlc2lzL3JlZi8ucGRmABMAAS8AABUAAgAS//8AAIAF0hwdHh9YJGNsYXNzZXNaJGNsYXNzbmFtZaMfICFdTlNNdXRhYmxlRGF0YVZOU0RhdGFYTlNPYmplY3RULnBkZtIcHSQloiUhXE5TRGljdGlvbmFyeRIAAYagXxAPTlNLZXllZEFyY2hpdmVyAAgAEQAWAB8AKAAyADUAOgA8AEUASwBSAF0AZQBsAG8AcQBzAHYAeAB6AHwAhgCTAJgAoAIsAi4CMwI8AkcCSwJZAmACaQJuAnMCdgKDAogAAAAAAAACAQAAAAAAAAAoAAAAAAAAAAAAAAAAAAACmg==}}

@techreport{intel-ap922,
	Date-Added = {2010-06-17 16:18:27 +0800},
	Date-Modified = {2010-06-17 16:31:32 +0800},
	Institution = {{Intel Corp.}},
	Number = {{Order Number: 742474-001}},
	Title = {{A Fast Precise Implementation of 8x8 Discrete Cosine Transform Using the Streaming SIMD Extensions and MMX$^{TM}$ Instructions}},
	Type = {{Application Note AP-922}},
	Bdsk-File-1 = {YnBsaXN0MDDUAQIDBAUIJidUJHRvcFgkb2JqZWN0c1gkdmVyc2lvblkkYXJjaGl2ZXLRBgdUcm9vdIABqAkKFRYXGyIjVSRudWxs0wsMDQ4RFFpOUy5vYmplY3RzV05TLmtleXNWJGNsYXNzog8QgASABqISE4ACgAOAB1lhbGlhc0RhdGFccmVsYXRpdmVQYXRo0hgNGRpXTlMuZGF0YU8RAY4AAAAAAY4AAgAAA01hYwAAAAAAAAAAAAAAAAAAAAAAAAAAAAAAAMeC9NJIKwAAADoM5gVhLnBkZgAAAAAAAAAAAAAAAAAAAAAAAAAAAAAAAAAAAAAAAAAAAAAAAAAAAAAAAAAAAAAAAAAAAAAAAAAAAAAAP48AyD/55wAAAAAAAAAAAAEAAgAACSAAAAAAAAAAAAAAAAAAAAADcmVmAAAQAAgAAMeChFIAAAARAAgAAMg/iWcAAAABABwAOgzmADoMagA6DDsAOgv8AANRQwADRN4AAJD9AAIAQ01hYzpVc2VyczplZHdhcmR0b2RheTpEZXNrdG9wOjNEIFByb2plY3Q6dGhlc2lzOm15X3RoZXNpczpyZWY6YS5wZGYAAA4ADAAFAGEALgBwAGQAZgAPAAgAAwBNAGEAYwASAD9Vc2Vycy9lZHdhcmR0b2RheS9EZXNrdG9wLzNEIFByb2plY3QvdGhlc2lzL215X3RoZXNpcy9yZWYvYS5wZGYAABMAAS8AABUAAgAS//8AAIAF0hwdHh9YJGNsYXNzZXNaJGNsYXNzbmFtZaMfICFdTlNNdXRhYmxlRGF0YVZOU0RhdGFYTlNPYmplY3RVYS5wZGbSHB0kJaIlIVxOU0RpY3Rpb25hcnkSAAGGoF8QD05TS2V5ZWRBcmNoaXZlcgAIABEAFgAfACgAMgA1ADoAPABFAEsAUgBdAGUAbABvAHEAcwB2AHgAegB8AIYAkwCYAKACMgI0AjkCQgJNAlECXwJmAm8CdQJ6An0CigKPAAAAAAAAAgEAAAAAAAAAKAAAAAAAAAAAAAAAAAAAAqE=}}

@techreport{levinthal2007,
	Author = {Levinthal, David},
	Date-Added = {2010-06-11 16:21:51 +0800},
	Date-Modified = {2010-06-11 16:22:12 +0800},
	Howpublished = {Intel},
	Institution = {Intel},
	Journal = {Intel},
	Title = {{OS Performance Analysis on Intel{\textregistered} CoreTM2 Duo Processors}},
	Url = {http://softwarecommunity.intel.com/isn/downloads/softwareproducts/pdfs/os_performance.pdf},
	Year = {2007},
	Bdsk-File-1 = {YnBsaXN0MDDUAQIDBAUIJidUJHRvcFgkb2JqZWN0c1gkdmVyc2lvblkkYXJjaGl2ZXLRBgdUcm9vdIABqAkKFRYXGyIjVSRudWxs0wsMDQ4RFFpOUy5vYmplY3RzV05TLmtleXNWJGNsYXNzog8QgASABqISE4ACgAOAB1lhbGlhc0RhdGFccmVsYXRpdmVQYXRo0hgNGRpXTlMuZGF0YU8RAagAAAAAAagAAgAACEJPT1RDQU1QAAAAAAAAAAAAAAAAAAAAAAAAAAAAAABCRAAB/////wgyMDA3LnBkZgAAAAAAAAAAAAAAAAAAAAAAAAAAAAAAAAAAAAAAAAAAAAAAAAAAAAAAAAAAAAAAAAAAAAAAAAD/////AAAAAAAAAAAAAAAA/////wAACgBjdQAAAAAAAAAAAAAAAAAJTGV2aW50aGFsAAACAGQvOlZvbHVtZXM6Qk9PVENBTVA6V29ya3NwYWNlOlNvbHV0aW9uczptdmNkZWNvZGVyOjNEIFByb2plY3Q6dGhlc2lzOm15X3RoZXNpczpyZWY6TGV2aW50aGFsOjIwMDcucGRmAA4AEgAIADIAMAAwADcALgBwAGQAZgAPABIACABCAE8ATwBUAEMAQQBNAFAAEgBSL1dvcmtzcGFjZS9Tb2x1dGlvbnMvbXZjZGVjb2Rlci8zRCBQcm9qZWN0L3RoZXNpcy9teV90aGVzaXMvcmVmL0xldmludGhhbC8yMDA3LnBkZgATABEvVm9sdW1lcy9CT09UQ0FNUAD//wAAgAXSHB0eH1gkY2xhc3Nlc1okY2xhc3NuYW1lox8gIV1OU011dGFibGVEYXRhVk5TRGF0YVhOU09iamVjdF8Qdy4uLy4uLy4uLy4uLy4uLy4uLy4uL1ZvbHVtZXMvQk9PVENBTVAvV29ya3NwYWNlL1NvbHV0aW9ucy9tdmNkZWNvZGVyLzNEIFByb2plY3QvdGhlc2lzL215X3RoZXNpcy9yZWYvTGV2aW50aGFsLzIwMDcucGRm0hwdJCWiJSFcTlNEaWN0aW9uYXJ5EgABhqBfEA9OU0tleWVkQXJjaGl2ZXIACAARABYAHwAoADIANQA6ADwARQBLAFIAXQBlAGwAbwBxAHMAdgB4AHoAfACGAJMAmACgAkwCTgJTAlwCZwJrAnkCgAKJAwMDCAMLAxgDHQAAAAAAAAIBAAAAAAAAACgAAAAAAAAAAAAAAAAAAAMv}}

@techreport{levinthal2006,
	Author = {Levinthal, David},
	Date-Added = {2010-06-11 16:21:51 +0800},
	Date-Modified = {2010-06-11 16:22:31 +0800},
	Howpublished = {Intel},
	Institution = {Intel},
	Title = {{Introduction to Performance Analysis on Intel{\textregistered} CoreTM 2 Duo Processors}},
	Url = {http://softwarecommunity.intel.com/isn/downloads/softwareproducts/pdfs/performance_analysis.pdf},
	Year = {2006},
	Bdsk-File-1 = {YnBsaXN0MDDUAQIDBAUIJidUJHRvcFgkb2JqZWN0c1gkdmVyc2lvblkkYXJjaGl2ZXLRBgdUcm9vdIABqAkKFRYXGyIjVSRudWxs0wsMDQ4RFFpOUy5vYmplY3RzV05TLmtleXNWJGNsYXNzog8QgASABqISE4ACgAOAB1lhbGlhc0RhdGFccmVsYXRpdmVQYXRo0hgNGRpXTlMuZGF0YU8RAagAAAAAAagAAgAACEJPT1RDQU1QAAAAAAAAAAAAAAAAAAAAAAAAAAAAAABCRAAB/////wgyMDA2LnBkZgAAAAAAAAAAAAAAAAAAAAAAAAAAAAAAAAAAAAAAAAAAAAAAAAAAAAAAAAAAAAAAAAAAAAAAAAD/////AAAAAAAAAAAAAAAA/////wAACgBjdQAAAAAAAAAAAAAAAAAJTGV2aW50aGFsAAACAGQvOlZvbHVtZXM6Qk9PVENBTVA6V29ya3NwYWNlOlNvbHV0aW9uczptdmNkZWNvZGVyOjNEIFByb2plY3Q6dGhlc2lzOm15X3RoZXNpczpyZWY6TGV2aW50aGFsOjIwMDYucGRmAA4AEgAIADIAMAAwADYALgBwAGQAZgAPABIACABCAE8ATwBUAEMAQQBNAFAAEgBSL1dvcmtzcGFjZS9Tb2x1dGlvbnMvbXZjZGVjb2Rlci8zRCBQcm9qZWN0L3RoZXNpcy9teV90aGVzaXMvcmVmL0xldmludGhhbC8yMDA2LnBkZgATABEvVm9sdW1lcy9CT09UQ0FNUAD//wAAgAXSHB0eH1gkY2xhc3Nlc1okY2xhc3NuYW1lox8gIV1OU011dGFibGVEYXRhVk5TRGF0YVhOU09iamVjdF8Qdy4uLy4uLy4uLy4uLy4uLy4uLy4uL1ZvbHVtZXMvQk9PVENBTVAvV29ya3NwYWNlL1NvbHV0aW9ucy9tdmNkZWNvZGVyLzNEIFByb2plY3QvdGhlc2lzL215X3RoZXNpcy9yZWYvTGV2aW50aGFsLzIwMDYucGRm0hwdJCWiJSFcTlNEaWN0aW9uYXJ5EgABhqBfEA9OU0tleWVkQXJjaGl2ZXIACAARABYAHwAoADIANQA6ADwARQBLAFIAXQBlAGwAbwBxAHMAdgB4AHoAfACGAJMAmACgAkwCTgJTAlwCZwJrAnkCgAKJAwMDCAMLAxgDHQAAAAAAAAIBAAAAAAAAACgAAAAAAAAAAAAAAAAAAAMv}}

@techreport{levinthal2008,
	Author = {Levinthal, David},
	Date-Added = {2010-06-11 16:21:51 +0800},
	Date-Modified = {2010-06-11 16:22:18 +0800},
	Howpublished = {Intel},
	Institution = {Intel},
	Title = {{Analyzing and Resolving multi-core non scaling on Intel{\textregistered} CoreTM2 processors}},
	Url = {http://softwarecommunity.intel.com/isn/downloads/softwareproducts/pdfs/non_scaling.pdf},
	Year = {2008},
	Bdsk-File-1 = {YnBsaXN0MDDUAQIDBAUIJidUJHRvcFgkb2JqZWN0c1gkdmVyc2lvblkkYXJjaGl2ZXLRBgdUcm9vdIABqAkKFRYXGyIjVSRudWxs0wsMDQ4RFFpOUy5vYmplY3RzV05TLmtleXNWJGNsYXNzog8QgASABqISE4ACgAOAB1lhbGlhc0RhdGFccmVsYXRpdmVQYXRo0hgNGRpXTlMuZGF0YU8RAagAAAAAAagAAgAACEJPT1RDQU1QAAAAAAAAAAAAAAAAAAAAAAAAAAAAAABCRAAB/////wgyMDA4LnBkZgAAAAAAAAAAAAAAAAAAAAAAAAAAAAAAAAAAAAAAAAAAAAAAAAAAAAAAAAAAAAAAAAAAAAAAAAD/////AAAAAAAAAAAAAAAA/////wAACgBjdQAAAAAAAAAAAAAAAAAJTGV2aW50aGFsAAACAGQvOlZvbHVtZXM6Qk9PVENBTVA6V29ya3NwYWNlOlNvbHV0aW9uczptdmNkZWNvZGVyOjNEIFByb2plY3Q6dGhlc2lzOm15X3RoZXNpczpyZWY6TGV2aW50aGFsOjIwMDgucGRmAA4AEgAIADIAMAAwADgALgBwAGQAZgAPABIACABCAE8ATwBUAEMAQQBNAFAAEgBSL1dvcmtzcGFjZS9Tb2x1dGlvbnMvbXZjZGVjb2Rlci8zRCBQcm9qZWN0L3RoZXNpcy9teV90aGVzaXMvcmVmL0xldmludGhhbC8yMDA4LnBkZgATABEvVm9sdW1lcy9CT09UQ0FNUAD//wAAgAXSHB0eH1gkY2xhc3Nlc1okY2xhc3NuYW1lox8gIV1OU011dGFibGVEYXRhVk5TRGF0YVhOU09iamVjdF8Qdy4uLy4uLy4uLy4uLy4uLy4uLy4uL1ZvbHVtZXMvQk9PVENBTVAvV29ya3NwYWNlL1NvbHV0aW9ucy9tdmNkZWNvZGVyLzNEIFByb2plY3QvdGhlc2lzL215X3RoZXNpcy9yZWYvTGV2aW50aGFsLzIwMDgucGRm0hwdJCWiJSFcTlNEaWN0aW9uYXJ5EgABhqBfEA9OU0tleWVkQXJjaGl2ZXIACAARABYAHwAoADIANQA6ADwARQBLAFIAXQBlAGwAbwBxAHMAdgB4AHoAfACGAJMAmACgAkwCTgJTAlwCZwJrAnkCgAKJAwMDCAMLAxgDHQAAAAAAAAIBAAAAAAAAACgAAAAAAAAAAAAAAAAAAAMv}}

@techreport{levinthal2008a,
	Author = {Levinthal, David},
	Date-Added = {2010-06-11 16:21:51 +0800},
	Date-Modified = {2010-06-11 16:22:24 +0800},
	Howpublished = {Intel},
	Institution = {Intel},
	Title = {{Cycle Accounting Analysis on Intel{\textregistered} CoreTM2 Processors}},
	Url = {http://softwarecommunity.intel.com/isn/downloads/softwareproducts/pdfs/cycle_accounting.pdf},
	Year = {2008},
	Bdsk-File-1 = {YnBsaXN0MDDUAQIDBAUIJidUJHRvcFgkb2JqZWN0c1gkdmVyc2lvblkkYXJjaGl2ZXLRBgdUcm9vdIABqAkKFRYXGyIjVSRudWxs0wsMDQ4RFFpOUy5vYmplY3RzV05TLmtleXNWJGNsYXNzog8QgASABqISE4ACgAOAB1lhbGlhc0RhdGFccmVsYXRpdmVQYXRo0hgNGRpXTlMuZGF0YU8RAagAAAAAAagAAgAACEJPT1RDQU1QAAAAAAAAAAAAAAAAAAAAAAAAAAAAAABCRAAB/////wgyMDEwLnBkZgAAAAAAAAAAAAAAAAAAAAAAAAAAAAAAAAAAAAAAAAAAAAAAAAAAAAAAAAAAAAAAAAAAAAAAAAD/////AAAAAAAAAAAAAAAA/////wAACgBjdQAAAAAAAAAAAAAAAAAJTGV2aW50aGFsAAACAGQvOlZvbHVtZXM6Qk9PVENBTVA6V29ya3NwYWNlOlNvbHV0aW9uczptdmNkZWNvZGVyOjNEIFByb2plY3Q6dGhlc2lzOm15X3RoZXNpczpyZWY6TGV2aW50aGFsOjIwMTAucGRmAA4AEgAIADIAMAAxADAALgBwAGQAZgAPABIACABCAE8ATwBUAEMAQQBNAFAAEgBSL1dvcmtzcGFjZS9Tb2x1dGlvbnMvbXZjZGVjb2Rlci8zRCBQcm9qZWN0L3RoZXNpcy9teV90aGVzaXMvcmVmL0xldmludGhhbC8yMDEwLnBkZgATABEvVm9sdW1lcy9CT09UQ0FNUAD//wAAgAXSHB0eH1gkY2xhc3Nlc1okY2xhc3NuYW1lox8gIV1OU011dGFibGVEYXRhVk5TRGF0YVhOU09iamVjdF8Qdy4uLy4uLy4uLy4uLy4uLy4uLy4uL1ZvbHVtZXMvQk9PVENBTVAvV29ya3NwYWNlL1NvbHV0aW9ucy9tdmNkZWNvZGVyLzNEIFByb2plY3QvdGhlc2lzL215X3RoZXNpcy9yZWYvTGV2aW50aGFsLzIwMTAucGRm0hwdJCWiJSFcTlNEaWN0aW9uYXJ5EgABhqBfEA9OU0tleWVkQXJjaGl2ZXIACAARABYAHwAoADIANQA6ADwARQBLAFIAXQBlAGwAbwBxAHMAdgB4AHoAfACGAJMAmACgAkwCTgJTAlwCZwJrAnkCgAKJAwMDCAMLAxgDHQAAAAAAAAIBAAAAAAAAACgAAAAAAAAAAAAAAAAAAAMv}}

@conference{yi2008parallelized,
	Author = {Yi, P. and Weidong, H. and Lifeng, S. and others},
	Booktitle = {The Proceedings of the Workshop on Cell Systems and Applica tions (ISCA WCSA)},
	Date-Added = {2010-06-10 14:25:12 +0800},
	Date-Modified = {2010-06-10 14:25:12 +0800},
	Pages = {82--89},
	Title = {{Parallelized multiview video coding on cell broadband engine blade}},
	Year = {2008}}

@article{pang2009adaptive,
	Author = {Pang, Y. and Hu, W.D. and Sun, L.F. and Yang, S.Q.},
	Date-Added = {2010-06-10 14:23:07 +0800},
	Date-Modified = {2010-06-10 14:23:07 +0800},
	Journal = {Science in China Series F: Information Sciences},
	Number = {2},
	Pages = {195--205},
	Publisher = {Springer},
	Title = {{Adaptive data-driven parallelization of multi-view video coding on multi-core processor}},
	Volume = {52},
	Year = {2009},
	Bdsk-File-1 = {YnBsaXN0MDDUAQIDBAUIJidUJHRvcFgkb2JqZWN0c1gkdmVyc2lvblkkYXJjaGl2ZXLRBgdUcm9vdIABqAkKFRYXGyIjVSRudWxs0wsMDQ4RFFpOUy5vYmplY3RzV05TLmtleXNWJGNsYXNzog8QgASABqISE4ACgAOAB1lhbGlhc0RhdGFccmVsYXRpdmVQYXRo0hgNGRpXTlMuZGF0YU8RAaoAAAAAAaoAAgAAA01hYwAAAAAAAAAAAAAAAAAAAAAAAAAAAAAAAMeC9NJIKwAAADoNawkyMDA5YS5wZGYAAAAAAAAAAAAAAAAAAAAAAAAAAAAAAAAAAAAAAAAAAAAAAAAAAAAAAAAAAAAAAAAAAAAAAAAAOh/ryDal0gAAAAAAAAAAAAEAAwAACSAAAAAAAAAAAAAAAAAAAAAEUGFuZwAQAAgAAMeChFIAAAARAAgAAMg2NVIAAAABACAAOg1rADoM5gA6DGoAOgw7ADoL/AADUUMAA0TeAACQ/QACAExNYWM6VXNlcnM6ZWR3YXJkdG9kYXk6RGVza3RvcDozRCBQcm9qZWN0OnRoZXNpczpteV90aGVzaXM6cmVmOlBhbmc6MjAwOWEucGRmAA4AFAAJADIAMAAwADkAYQAuAHAAZABmAA8ACAADAE0AYQBjABIASFVzZXJzL2Vkd2FyZHRvZGF5L0Rlc2t0b3AvM0QgUHJvamVjdC90aGVzaXMvbXlfdGhlc2lzL3JlZi9QYW5nLzIwMDlhLnBkZgATAAEvAAAVAAIAEv//AACABdIcHR4fWCRjbGFzc2VzWiRjbGFzc25hbWWjHyAhXU5TTXV0YWJsZURhdGFWTlNEYXRhWE5TT2JqZWN0XlBhbmcvMjAwOWEucGRm0hwdJCWiJSFcTlNEaWN0aW9uYXJ5EgABhqBfEA9OU0tleWVkQXJjaGl2ZXIACAARABYAHwAoADIANQA6ADwARQBLAFIAXQBlAGwAbwBxAHMAdgB4AHoAfACGAJMAmACgAk4CUAJVAl4CaQJtAnsCggKLApoCnwKiAq8CtAAAAAAAAAIBAAAAAAAAACgAAAAAAAAAAAAAAAAAAALG}}

@misc{iso2009mvc,
	Date-Added = {2010-06-09 20:23:38 +0800},
	Date-Modified = {2010-06-09 20:26:18 +0800},
	Howpublished = {ISO/IEC 14496-10:2009},
	Title = {Information technology -- Coding of audio-visual objects -- Part 10: Advanced Video Coding},
	Year = {2009}}

@conference{ugur2007parallel,
	Author = {Ugur, K. and Liu, H. and Lainema, J. and Gabbouf, M. and Li, H.},
	Booktitle = {3DTV Conference, 2007},
	Date-Added = {2010-06-09 19:51:04 +0800},
	Date-Modified = {2010-06-09 19:51:04 +0800},
	Pages = {1--4},
	Title = {{Parallel encoding-decoding operation for multiview video coding with high coding efficiency}},
	Year = {2007},
	Bdsk-File-1 = {YnBsaXN0MDDUAQIDBAUIJidUJHRvcFgkb2JqZWN0c1gkdmVyc2lvblkkYXJjaGl2ZXLRBgdUcm9vdIABqAkKFRYXGyIjVSRudWxs0wsMDQ4RFFpOUy5vYmplY3RzV05TLmtleXNWJGNsYXNzog8QgASABqISE4ACgAOAB1lhbGlhc0RhdGFccmVsYXRpdmVQYXRo0hgNGRpXTlMuZGF0YU8RAagAAAAAAagAAgAAA01hYwAAAAAAAAAAAAAAAAAAAAAAAAAAAAAAAMeC9NJIKwAAADoNKQgyMDA3LnBkZgAAAAAAAAAAAAAAAAAAAAAAAAAAAAAAAAAAAAAAAAAAAAAAAAAAAAAAAAAAAAAAAAAAAAAAAAAAOg07yDYFpwAAAAAAAAAAAAEAAwAACSAAAAAAAAAAAAAAAAAAAAAEVWd1cgAQAAgAAMeChFIAAAARAAgAAMg1lScAAAABACAAOg0pADoM5gA6DGoAOgw7ADoL/AADUUMAA0TeAACQ/QACAEtNYWM6VXNlcnM6ZWR3YXJkdG9kYXk6RGVza3RvcDozRCBQcm9qZWN0OnRoZXNpczpteV90aGVzaXM6cmVmOlVndXI6MjAwNy5wZGYAAA4AEgAIADIAMAAwADcALgBwAGQAZgAPAAgAAwBNAGEAYwASAEdVc2Vycy9lZHdhcmR0b2RheS9EZXNrdG9wLzNEIFByb2plY3QvdGhlc2lzL215X3RoZXNpcy9yZWYvVWd1ci8yMDA3LnBkZgAAEwABLwAAFQACABL//wAAgAXSHB0eH1gkY2xhc3Nlc1okY2xhc3NuYW1lox8gIV1OU011dGFibGVEYXRhVk5TRGF0YVhOU09iamVjdF1VZ3VyLzIwMDcucGRm0hwdJCWiJSFcTlNEaWN0aW9uYXJ5EgABhqBfEA9OU0tleWVkQXJjaGl2ZXIACAARABYAHwAoADIANQA6ADwARQBLAFIAXQBlAGwAbwBxAHMAdgB4AHoAfACGAJMAmACgAkwCTgJTAlwCZwJrAnkCgAKJApcCnAKfAqwCsQAAAAAAAAIBAAAAAAAAACgAAAAAAAAAAAAAAAAAAALD}}

@conference{yang2006parallel,
	Author = {Yang, Y. and Jiang, G. and Yu, M. and Zhu, D.},
	Booktitle = {2006 IEEE International Conference on Image Processing},
	Date-Added = {2010-06-09 19:46:49 +0800},
	Date-Modified = {2010-06-09 19:46:49 +0800},
	Pages = {521--524},
	Title = {{Parallel process of hyper-space-based multiview video compression}},
	Year = {2006}}

@conference{mesa2009scalability,
	Author = {Mesa, M.A. and Ram{\'\i}rez, A. and Azevedo, A. and Meenderinck, C. and Juurlink, B. and Valero, M.},
	Booktitle = {2009 15th International Conference on Parallel and Distributed Systems},
	Date-Added = {2010-06-09 19:39:17 +0800},
	Date-Modified = {2010-06-09 19:39:17 +0800},
	Organization = {IEEE},
	Pages = {236--243},
	Title = {{Scalability of Macroblock-level Parallelism for H. 264 Decoding}},
	Year = {2009},
	Bdsk-File-1 = {YnBsaXN0MDDUAQIDBAUIJidUJHRvcFgkb2JqZWN0c1gkdmVyc2lvblkkYXJjaGl2ZXLRBgdUcm9vdIABqAkKFRYXGyIjVSRudWxs0wsMDQ4RFFpOUy5vYmplY3RzV05TLmtleXNWJGNsYXNzog8QgASABqISE4ACgAOAB1lhbGlhc0RhdGFccmVsYXRpdmVQYXRo0hgNGRpXTlMuZGF0YU8RAagAAAAAAagAAgAAA01hYwAAAAAAAAAAAAAAAAAAAAAAAAAAAAAAAMeC9NJIKwAAADoNgggyMDA5LnBkZgAAAAAAAAAAAAAAAAAAAAAAAAAAAAAAAAAAAAAAAAAAAAAAAAAAAAAAAAAAAAAAAAAAAAAAAAAAOg2VyDYFtQAAAAAAAAAAAAEAAwAACSAAAAAAAAAAAAAAAAAAAAAETWVzYQAQAAgAAMeChFIAAAARAAgAAMg1lTUAAAABACAAOg2CADoM5gA6DGoAOgw7ADoL/AADUUMAA0TeAACQ/QACAEtNYWM6VXNlcnM6ZWR3YXJkdG9kYXk6RGVza3RvcDozRCBQcm9qZWN0OnRoZXNpczpteV90aGVzaXM6cmVmOk1lc2E6MjAwOS5wZGYAAA4AEgAIADIAMAAwADkALgBwAGQAZgAPAAgAAwBNAGEAYwASAEdVc2Vycy9lZHdhcmR0b2RheS9EZXNrdG9wLzNEIFByb2plY3QvdGhlc2lzL215X3RoZXNpcy9yZWYvTWVzYS8yMDA5LnBkZgAAEwABLwAAFQACABL//wAAgAXSHB0eH1gkY2xhc3Nlc1okY2xhc3NuYW1lox8gIV1OU011dGFibGVEYXRhVk5TRGF0YVhOU09iamVjdF1NZXNhLzIwMDkucGRm0hwdJCWiJSFcTlNEaWN0aW9uYXJ5EgABhqBfEA9OU0tleWVkQXJjaGl2ZXIACAARABYAHwAoADIANQA6ADwARQBLAFIAXQBlAGwAbwBxAHMAdgB4AHoAfACGAJMAmACgAkwCTgJTAlwCZwJrAnkCgAKJApcCnAKfAqwCsQAAAAAAAAIBAAAAAAAAACgAAAAAAAAAAAAAAAAAAALD}}

@conference{seitner2007macroblock,
	Author = {Seitner, FH and Schreier, RM and Bleyer, M. and Gelautz, M.},
	Booktitle = {IEEE International Symposium on Consumer Electronics, 2007. ISCE 2007},
	Date-Added = {2010-06-09 19:37:25 +0800},
	Date-Modified = {2010-06-09 19:37:25 +0800},
	Pages = {1--5},
	Title = {{A macroblock-level analysis on the dynamic behaviour of an H. 264 decoder}},
	Year = {2007}}

@article{li2005design,
	Author = {Li, P. and Veeravalli, B. and Kassim, AA},
	Date-Added = {2010-06-09 19:33:29 +0800},
	Date-Modified = {2010-06-09 19:33:29 +0800},
	Journal = {IEEE Transactions on Circuits and Systems for Video Technology},
	Number = {9},
	Pages = {1098--1112},
	Title = {{Design and implementation of parallel video encoding strategies using divisible load analysis}},
	Volume = {15},
	Year = {2005},
	Bdsk-File-1 = {YnBsaXN0MDDUAQIDBAUIJidUJHRvcFgkb2JqZWN0c1gkdmVyc2lvblkkYXJjaGl2ZXLRBgdUcm9vdIABqAkKFRYXGyIjVSRudWxs0wsMDQ4RFFpOUy5vYmplY3RzV05TLmtleXNWJGNsYXNzog8QgASABqISE4ACgAOAB1lhbGlhc0RhdGFccmVsYXRpdmVQYXRo0hgNGRpXTlMuZGF0YU8RAaIAAAAAAaIAAgAAA01hYwAAAAAAAAAAAAAAAAAAAAAAAAAAAAAAAMeC9NJIKwAAADoOBggyMDA1LnBkZgAAAAAAAAAAAAAAAAAAAAAAAAAAAAAAAAAAAAAAAAAAAAAAAAAAAAAAAAAAAAAAAAAAAAAAAAAAOg4VyDYFxgAAAAAAAAAAAAEAAwAACSAAAAAAAAAAAAAAAAAAAAACTGkAEAAIAADHgoRSAAAAEQAIAADINZVGAAAAAQAgADoOBgA6DOYAOgxqADoMOwA6C/wAA1FDAANE3gAAkP0AAgBJTWFjOlVzZXJzOmVkd2FyZHRvZGF5OkRlc2t0b3A6M0QgUHJvamVjdDp0aGVzaXM6bXlfdGhlc2lzOnJlZjpMaToyMDA1LnBkZgAADgASAAgAMgAwADAANQAuAHAAZABmAA8ACAADAE0AYQBjABIARVVzZXJzL2Vkd2FyZHRvZGF5L0Rlc2t0b3AvM0QgUHJvamVjdC90aGVzaXMvbXlfdGhlc2lzL3JlZi9MaS8yMDA1LnBkZgAAEwABLwAAFQACABL//wAAgAXSHB0eH1gkY2xhc3Nlc1okY2xhc3NuYW1lox8gIV1OU011dGFibGVEYXRhVk5TRGF0YVhOU09iamVjdFtMaS8yMDA1LnBkZtIcHSQloiUhXE5TRGljdGlvbmFyeRIAAYagXxAPTlNLZXllZEFyY2hpdmVyAAgAEQAWAB8AKAAyADUAOgA8AEUASwBSAF0AZQBsAG8AcQBzAHYAeAB6AHwAhgCTAJgAoAJGAkgCTQJWAmECZQJzAnoCgwKPApQClwKkAqkAAAAAAAACAQAAAAAAAAAoAAAAAAAAAAAAAAAAAAACuw==}}

@article{flierl2007motion,
	Author = {Flierl, M. and Mavlankar, A. and Girod, B.},
	Date-Added = {2010-06-09 18:47:03 +0800},
	Date-Modified = {2010-06-09 18:47:03 +0800},
	Journal = {IEEE TRANSACTIONS ON CIRCUITS AND SYSTEMS FOR VIDEO TECHNOLOGY},
	Number = {11},
	Publisher = {Citeseer},
	Title = {{Motion and Disparity Compensated Coding for Multiview Video}},
	Volume = {17},
	Year = {2007},
	Bdsk-File-1 = {YnBsaXN0MDDUAQIDBAUIJidUJHRvcFgkb2JqZWN0c1gkdmVyc2lvblkkYXJjaGl2ZXLRBgdUcm9vdIABqAkKFRYXGyIjVSRudWxs0wsMDQ4RFFpOUy5vYmplY3RzV05TLmtleXNWJGNsYXNzog8QgASABqISE4ACgAOAB1lhbGlhc0RhdGFccmVsYXRpdmVQYXRo0hgNGRpXTlMuZGF0YU8RAa4AAAAAAa4AAgAAA01hYwAAAAAAAAAAAAAAAAAAAAAAAAAAAAAAAMeC9NJIKwAAADoOfggyMDA3LnBkZgAAAAAAAAAAAAAAAAAAAAAAAAAAAAAAAAAAAAAAAAAAAAAAAAAAAAAAAAAAAAAAAAAAAAAAAAAAOg6QyDYF4QAAAAAAAAAAAAEAAwAACSAAAAAAAAAAAAAAAAAAAAAGRmxpZXJsABAACAAAx4KEUgAAABEACAAAyDWVYQAAAAEAIAA6Dn4AOgzmADoMagA6DDsAOgv8AANRQwADRN4AAJD9AAIATU1hYzpVc2VyczplZHdhcmR0b2RheTpEZXNrdG9wOjNEIFByb2plY3Q6dGhlc2lzOm15X3RoZXNpczpyZWY6RmxpZXJsOjIwMDcucGRmAAAOABIACAAyADAAMAA3AC4AcABkAGYADwAIAAMATQBhAGMAEgBJVXNlcnMvZWR3YXJkdG9kYXkvRGVza3RvcC8zRCBQcm9qZWN0L3RoZXNpcy9teV90aGVzaXMvcmVmL0ZsaWVybC8yMDA3LnBkZgAAEwABLwAAFQACABL//wAAgAXSHB0eH1gkY2xhc3Nlc1okY2xhc3NuYW1lox8gIV1OU011dGFibGVEYXRhVk5TRGF0YVhOU09iamVjdF8QD0ZsaWVybC8yMDA3LnBkZtIcHSQloiUhXE5TRGljdGlvbmFyeRIAAYagXxAPTlNLZXllZEFyY2hpdmVyAAgAEQAWAB8AKAAyADUAOgA8AEUASwBSAF0AZQBsAG8AcQBzAHYAeAB6AHwAhgCTAJgAoAJSAlQCWQJiAm0CcQJ/AoYCjwKhAqYCqQK2ArsAAAAAAAACAQAAAAAAAAAoAAAAAAAAAAAAAAAAAAACzQ==}}

@conference{kaup2006analysis,
	Author = {Kaup, A. and Fecker, U.},
	Booktitle = {Proc. 7th Workshop Digital Broadcasting},
	Date-Added = {2010-06-09 17:05:35 +0800},
	Date-Modified = {2010-06-09 17:05:35 +0800},
	Organization = {Citeseer},
	Pages = {33--39},
	Title = {{Analysis of multi-reference block matching for multi-view video coding}},
	Year = {2006},
	Bdsk-File-1 = {YnBsaXN0MDDUAQIDBAUIJidUJHRvcFgkb2JqZWN0c1gkdmVyc2lvblkkYXJjaGl2ZXLRBgdUcm9vdIABqAkKFRYXGyIjVSRudWxs0wsMDQ4RFFpOUy5vYmplY3RzV05TLmtleXNWJGNsYXNzog8QgASABqISE4ACgAOAB1lhbGlhc0RhdGFccmVsYXRpdmVQYXRo0hgNGRpXTlMuZGF0YU8RAagAAAAAAagAAgAAA01hYwAAAAAAAAAAAAAAAAAAAAAAAAAAAAAAAMeC9NJIKwAAADoN7ggyMDA2LnBkZgAAAAAAAAAAAAAAAAAAAAAAAAAAAAAAAAAAAAAAAAAAAAAAAAAAAAAAAAAAAAAAAAAAAAAAAAAAOg4AyDYFxAAAAAAAAAAAAAEAAwAACSAAAAAAAAAAAAAAAAAAAAAES2F1cAAQAAgAAMeChFIAAAARAAgAAMg1lUQAAAABACAAOg3uADoM5gA6DGoAOgw7ADoL/AADUUMAA0TeAACQ/QACAEtNYWM6VXNlcnM6ZWR3YXJkdG9kYXk6RGVza3RvcDozRCBQcm9qZWN0OnRoZXNpczpteV90aGVzaXM6cmVmOkthdXA6MjAwNi5wZGYAAA4AEgAIADIAMAAwADYALgBwAGQAZgAPAAgAAwBNAGEAYwASAEdVc2Vycy9lZHdhcmR0b2RheS9EZXNrdG9wLzNEIFByb2plY3QvdGhlc2lzL215X3RoZXNpcy9yZWYvS2F1cC8yMDA2LnBkZgAAEwABLwAAFQACABL//wAAgAXSHB0eH1gkY2xhc3Nlc1okY2xhc3NuYW1lox8gIV1OU011dGFibGVEYXRhVk5TRGF0YVhOU09iamVjdF1LYXVwLzIwMDYucGRm0hwdJCWiJSFcTlNEaWN0aW9uYXJ5EgABhqBfEA9OU0tleWVkQXJjaGl2ZXIACAARABYAHwAoADIANQA6ADwARQBLAFIAXQBlAGwAbwBxAHMAdgB4AHoAfACGAJMAmACgAkwCTgJTAlwCZwJrAnkCgAKJApcCnAKfAqwCsQAAAAAAAAIBAAAAAAAAACgAAAAAAAAAAAAAAAAAAALD}}

@article{merkle2005statistical,
	Author = {Merkle, P. and M{\"u}eller, K. and Smolic, A. and Wiegand, T.},
	Date-Added = {2010-06-09 17:04:07 +0800},
	Date-Modified = {2010-06-09 18:52:53 +0800},
	Journal = {Proc. ICOB 2005},
	Pages = {27--28},
	Title = {{Statistical evaluation of spatiotemporal prediction for multiview video coding}},
	Year = {2005}}

@conference{mueller2006multi,
	Author = {M{\"u}eller, K. and Merkle, P. and Schwarz, H. and Hinz, T. and Smolic, A. and Oelbaum, T. and Wiegand, T.},
	Booktitle = {Picture Coding Symposium},
	Date-Added = {2010-06-09 16:58:12 +0800},
	Date-Modified = {2010-06-09 18:51:44 +0800},
	Title = {{Multi-view video coding based on H. 264/AVC using hierarchical B-frames}},
	Year = {2006}}

@conference{merkle2006efficient,
	Author = {Merkle, P. and M{\"u}eller, K. and Smolic, A. and Wiegand, T.},
	Booktitle = {2006 IEEE International Conference on Multimedia and Expo},
	Date-Added = {2010-06-09 16:57:14 +0800},
	Date-Modified = {2010-06-09 18:51:58 +0800},
	Pages = {1717--1720},
	Title = {{Efficient compression of multi-view video exploiting inter-view dependencies based on H. 264/MPEG4-AVC}},
	Year = {2006},
	Bdsk-File-1 = {YnBsaXN0MDDUAQIDBAUIJidUJHRvcFgkb2JqZWN0c1gkdmVyc2lvblkkYXJjaGl2ZXLRBgdUcm9vdIABqAkKFRYXGyIjVSRudWxs0wsMDQ4RFFpOUy5vYmplY3RzV05TLmtleXNWJGNsYXNzog8QgASABqISE4ACgAOAB1lhbGlhc0RhdGFccmVsYXRpdmVQYXRo0hgNGRpXTlMuZGF0YU8RAa4AAAAAAa4AAgAAA01hYwAAAAAAAAAAAAAAAAAAAAAAAAAAAAAAAMeC9NJIKwAAADoM9AgyMDA2LnBkZgAAAAAAAAAAAAAAAAAAAAAAAAAAAAAAAAAAAAAAAAAAAAAAAAAAAAAAAAAAAAAAAAAAAAAAAAAAOg0KyDYFowAAAAAAAAAAAAEAAwAACSAAAAAAAAAAAAAAAAAAAAAGTWVya2xlABAACAAAx4KEUgAAABEACAAAyDWVIwAAAAEAIAA6DPQAOgzmADoMagA6DDsAOgv8AANRQwADRN4AAJD9AAIATU1hYzpVc2VyczplZHdhcmR0b2RheTpEZXNrdG9wOjNEIFByb2plY3Q6dGhlc2lzOm15X3RoZXNpczpyZWY6TWVya2xlOjIwMDYucGRmAAAOABIACAAyADAAMAA2AC4AcABkAGYADwAIAAMATQBhAGMAEgBJVXNlcnMvZWR3YXJkdG9kYXkvRGVza3RvcC8zRCBQcm9qZWN0L3RoZXNpcy9teV90aGVzaXMvcmVmL01lcmtsZS8yMDA2LnBkZgAAEwABLwAAFQACABL//wAAgAXSHB0eH1gkY2xhc3Nlc1okY2xhc3NuYW1lox8gIV1OU011dGFibGVEYXRhVk5TRGF0YVhOU09iamVjdF8QD01lcmtsZS8yMDA2LnBkZtIcHSQloiUhXE5TRGljdGlvbmFyeRIAAYagXxAPTlNLZXllZEFyY2hpdmVyAAgAEQAWAB8AKAAyADUAOgA8AEUASwBSAF0AZQBsAG8AcQBzAHYAeAB6AHwAhgCTAJgAoAJSAlQCWQJiAm0CcQJ/AoYCjwKhAqYCqQK2ArsAAAAAAAACAQAAAAAAAAAoAAAAAAAAAAAAAAAAAAACzQ==}}

@conference{bilen2006multi,
	Author = {Bilen, C. and Aksay, A. and Akar, GB},
	Booktitle = {2006 IEEE International Conference on Image Processing},
	Date-Added = {2010-06-09 16:54:04 +0800},
	Date-Modified = {2010-06-09 16:54:04 +0800},
	Pages = {541--544},
	Title = {{A multi-view video codec based on H. 264}},
	Year = {2006}}

@conference{yang2006hyper,
	Address = {Beijing, China},
	Author = {Yang, Y. and Jiang, G. and Yu, M. and Li, F. and Kim, Y.},
	Booktitle = {Proc. PCS 2006, Picture Coding Symp.},
	Date-Added = {2010-06-09 16:50:53 +0800},
	Date-Modified = {2010-06-09 16:51:05 +0800},
	Month = {Apr.},
	Title = {{Hyper-space based multiview video coding scheme for free viewpoint television}},
	Year = {2006}}

@conference{cheng2006multi,
	Address = {Beijing, China},
	Author = {Cheng, X. and Sun, L. and Yang, S.},
	Booktitle = {Proc. PCS 2006, Picture Coding Symp.},
	Date-Added = {2010-06-09 16:48:29 +0800},
	Date-Modified = {2010-06-09 16:49:12 +0800},
	Month = {Apr.},
	Title = {{A Multi-View Video Coding scheme using shared key frames for high interactive application}},
	Year = {2006}}

@inproceedings{oh12542multi,
	Address = {Beijing, China},
	Author = {Oh, K.-J and Ho, Y.-S.},
	Booktitle = {Proc. PCS 2006, Picture Coding Symp.},
	Date-Added = {2010-06-09 16:43:13 +0800},
	Date-Modified = {2010-06-09 16:47:34 +0800},
	Month = {Apr.},
	Title = {{Multi-view video coding based on the lattice-like pyramid GOP structure}},
	Year = {2007}}

@article{magnor2003multi,
	Author = {Magnor, M. and Ramanathan, P. and Girod, B. and others},
	Date-Added = {2010-06-09 16:41:42 +0800},
	Date-Modified = {2010-06-09 16:41:42 +0800},
	Journal = {IEEE Transactions on circuits and systems for video technology},
	Number = {11},
	Pages = {1092--1106},
	Publisher = {Citeseer},
	Title = {{Multi-view coding for image-based rendering using 3-D scene geometry}},
	Volume = {13},
	Year = {2003},
	Bdsk-File-1 = {YnBsaXN0MDDUAQIDBAUIJidUJHRvcFgkb2JqZWN0c1gkdmVyc2lvblkkYXJjaGl2ZXLRBgdUcm9vdIABqAkKFRYXGyIjVSRudWxs0wsMDQ4RFFpOUy5vYmplY3RzV05TLmtleXNWJGNsYXNzog8QgASABqISE4ACgAOAB1lhbGlhc0RhdGFccmVsYXRpdmVQYXRo0hgNGRpXTlMuZGF0YU8RAaAAAAAAAaAAAgAACEJPT1RDQU1QAAAAAAAAAAAAAAAAAAAAAAAAAAAAAABCRAAB/////wgyMDAzLnBkZgAAAAAAAAAAAAAAAAAAAAAAAAAAAAAAAAAAAAAAAAAAAAAAAAAAAAAAAAAAAAAAAAAAAAAAAAD/////AAAAAAAAAAAAAAAAAAEAAwAACgBjdQAAAAAAAAAAAAAAAAAGTWFnbm9yAAIAYS86Vm9sdW1lczpCT09UQ0FNUDpXb3Jrc3BhY2U6U29sdXRpb25zOm12Y2RlY29kZXI6M0QgUHJvamVjdDp0aGVzaXM6bXlfdGhlc2lzOnJlZjpNYWdub3I6MjAwMy5wZGYAAA4AEgAIADIAMAAwADMALgBwAGQAZgAPABIACABCAE8ATwBUAEMAQQBNAFAAEgBPL1dvcmtzcGFjZS9Tb2x1dGlvbnMvbXZjZGVjb2Rlci8zRCBQcm9qZWN0L3RoZXNpcy9teV90aGVzaXMvcmVmL01hZ25vci8yMDAzLnBkZgAAEwARL1ZvbHVtZXMvQk9PVENBTVAA//8AAIAF0hwdHh9YJGNsYXNzZXNaJGNsYXNzbmFtZaMfICFdTlNNdXRhYmxlRGF0YVZOU0RhdGFYTlNPYmplY3RfEA9NYWdub3IvMjAwMy5wZGbSHB0kJaIlIVxOU0RpY3Rpb25hcnkSAAGGoF8QD05TS2V5ZWRBcmNoaXZlcgAIABEAFgAfACgAMgA1ADoAPABFAEsAUgBdAGUAbABvAHEAcwB2AHgAegB8AIYAkwCYAKACRAJGAksCVAJfAmMCcQJ4AoECkwKYApsCqAKtAAAAAAAAAgEAAAAAAAAAKAAAAAAAAAAAAAAAAAAAAr8=}}

@article{yi-survey,
	Author = {Yi, P. and Fengyan, Z. and Lifeng, SUN and Shiqiang, Y.},
	Date-Added = {2010-01-20 15:10:11 +0800},
	Date-Modified = {2010-01-20 15:17:14 +0800},
	Journal = {Journal of Frontiers of Computer Science and Technology},
	Title = {Survey of Parallel Acceleration Algorithms of Video Coding on Multi-core Processor},
	Year = {2009},
	Bdsk-File-1 = {YnBsaXN0MDDUAQIDBAUIJidUJHRvcFgkb2JqZWN0c1gkdmVyc2lvblkkYXJjaGl2ZXLRBgdUcm9vdIABqAkKFRYXGyIjVSRudWxs0wsMDQ4RFFpOUy5vYmplY3RzV05TLmtleXNWJGNsYXNzog8QgASABqISE4ACgAOAB1lhbGlhc0RhdGFccmVsYXRpdmVQYXRo0hgNGRpXTlMuZGF0YU8RAaIAAAAAAaIAAgAAA01hYwAAAAAAAAAAAAAAAAAAAAAAAAAAAAAAAMeC9NJIKwAAADoNEQgyMDA5LmRvYwAAAAAAAAAAAAAAAAAAAAAAAAAAAAAAAAAAAAAAAAAAAAAAAAAAAAAAAAAAAAAAAAAAAAAAAAAAOg0kyDYFpwAAAAAAAAAAAAEAAwAACSAAAAAAAAAAAAAAAAAAAAACWWkAEAAIAADHgoRSAAAAEQAIAADINZUnAAAAAQAgADoNEQA6DOYAOgxqADoMOwA6C/wAA1FDAANE3gAAkP0AAgBJTWFjOlVzZXJzOmVkd2FyZHRvZGF5OkRlc2t0b3A6M0QgUHJvamVjdDp0aGVzaXM6bXlfdGhlc2lzOnJlZjpZaToyMDA5LmRvYwAADgASAAgAMgAwADAAOQAuAGQAbwBjAA8ACAADAE0AYQBjABIARVVzZXJzL2Vkd2FyZHRvZGF5L0Rlc2t0b3AvM0QgUHJvamVjdC90aGVzaXMvbXlfdGhlc2lzL3JlZi9ZaS8yMDA5LmRvYwAAEwABLwAAFQACABL//wAAgAXSHB0eH1gkY2xhc3Nlc1okY2xhc3NuYW1lox8gIV1OU011dGFibGVEYXRhVk5TRGF0YVhOU09iamVjdFtZaS8yMDA5LmRvY9IcHSQloiUhXE5TRGljdGlvbmFyeRIAAYagXxAPTlNLZXllZEFyY2hpdmVyAAgAEQAWAB8AKAAyADUAOgA8AEUASwBSAF0AZQBsAG8AcQBzAHYAeAB6AHwAhgCTAJgAoAJGAkgCTQJWAmECZQJzAnoCgwKPApQClwKkAqkAAAAAAAACAQAAAAAAAAAoAAAAAAAAAAAAAAAAAAACuw==},
	Bdsk-File-2 = {YnBsaXN0MDDUAQIDBAUIJidUJHRvcFgkb2JqZWN0c1gkdmVyc2lvblkkYXJjaGl2ZXLRBgdUcm9vdIABqAkKFRYXGyIjVSRudWxs0wsMDQ4RFFpOUy5vYmplY3RzV05TLmtleXNWJGNsYXNzog8QgASABqISE4ACgAOAB1lhbGlhc0RhdGFccmVsYXRpdmVQYXRo0hgNGRpXTlMuZGF0YU8RAaIAAAAAAaIAAgAAA01hYwAAAAAAAAAAAAAAAAAAAAAAAAAAAAAAAMeC9NJIKwAAADoNEQgyMDA5LnBkZgAAAAAAAAAAAAAAAAAAAAAAAAAAAAAAAAAAAAAAAAAAAAAAAAAAAAAAAAAAAAAAAAAAAAAAAAAAOg0jyDYFpwAAAAAAAAAAAAEAAwAACSAAAAAAAAAAAAAAAAAAAAACWWkAEAAIAADHgoRSAAAAEQAIAADINZUnAAAAAQAgADoNEQA6DOYAOgxqADoMOwA6C/wAA1FDAANE3gAAkP0AAgBJTWFjOlVzZXJzOmVkd2FyZHRvZGF5OkRlc2t0b3A6M0QgUHJvamVjdDp0aGVzaXM6bXlfdGhlc2lzOnJlZjpZaToyMDA5LnBkZgAADgASAAgAMgAwADAAOQAuAHAAZABmAA8ACAADAE0AYQBjABIARVVzZXJzL2Vkd2FyZHRvZGF5L0Rlc2t0b3AvM0QgUHJvamVjdC90aGVzaXMvbXlfdGhlc2lzL3JlZi9ZaS8yMDA5LnBkZgAAEwABLwAAFQACABL//wAAgAXSHB0eH1gkY2xhc3Nlc1okY2xhc3NuYW1lox8gIV1OU011dGFibGVEYXRhVk5TRGF0YVhOU09iamVjdFtZaS8yMDA5LnBkZtIcHSQloiUhXE5TRGljdGlvbmFyeRIAAYagXxAPTlNLZXllZEFyY2hpdmVyAAgAEQAWAB8AKAAyADUAOgA8AEUASwBSAF0AZQBsAG8AcQBzAHYAeAB6AHwAhgCTAJgAoAJGAkgCTQJWAmECZQJzAnoCgwKPApQClwKkAqkAAAAAAAACAQAAAAAAAAAoAAAAAAAAAAAAAAAAAAACuw==}}

@conference{muta2007multilevel,
	Author = {Muta, H. and Doi, M. and Nakano, H. and Mori, Y.},
	Booktitle = {Proceedings of the 15th international conference on Multimedia},
	Date-Added = {2010-01-20 15:07:27 +0800},
	Date-Modified = {2010-01-20 15:07:27 +0800},
	Organization = {ACM},
	Pages = {951},
	Title = {{Multilevel parallelization on the cell/BE for a motion JPEG 2000 encoding server}},
	Year = {2007},
	Bdsk-File-1 = {YnBsaXN0MDDUAQIDBAUIJidUJHRvcFgkb2JqZWN0c1gkdmVyc2lvblkkYXJjaGl2ZXLRBgdUcm9vdIABqAkKFRYXGyIjVSRudWxs0wsMDQ4RFFpOUy5vYmplY3RzV05TLmtleXNWJGNsYXNzog8QgASABqISE4ACgAOAB1lhbGlhc0RhdGFccmVsYXRpdmVQYXRo0hgNGRpXTlMuZGF0YU8RAagAAAAAAagAAgAAA01hYwAAAAAAAAAAAAAAAAAAAAAAAAAAAAAAAMeC9NJIKwAAADoOMggyMDA3LnBkZgAAAAAAAAAAAAAAAAAAAAAAAAAAAAAAAAAAAAAAAAAAAAAAAAAAAAAAAAAAAAAAAAAAAAAAAAAAOg5DyDYFyQAAAAAAAAAAAAEAAwAACSAAAAAAAAAAAAAAAAAAAAAETXV0YQAQAAgAAMeChFIAAAARAAgAAMg1lUkAAAABACAAOg4yADoM5gA6DGoAOgw7ADoL/AADUUMAA0TeAACQ/QACAEtNYWM6VXNlcnM6ZWR3YXJkdG9kYXk6RGVza3RvcDozRCBQcm9qZWN0OnRoZXNpczpteV90aGVzaXM6cmVmOk11dGE6MjAwNy5wZGYAAA4AEgAIADIAMAAwADcALgBwAGQAZgAPAAgAAwBNAGEAYwASAEdVc2Vycy9lZHdhcmR0b2RheS9EZXNrdG9wLzNEIFByb2plY3QvdGhlc2lzL215X3RoZXNpcy9yZWYvTXV0YS8yMDA3LnBkZgAAEwABLwAAFQACABL//wAAgAXSHB0eH1gkY2xhc3Nlc1okY2xhc3NuYW1lox8gIV1OU011dGFibGVEYXRhVk5TRGF0YVhOU09iamVjdF1NdXRhLzIwMDcucGRm0hwdJCWiJSFcTlNEaWN0aW9uYXJ5EgABhqBfEA9OU0tleWVkQXJjaGl2ZXIACAARABYAHwAoADIANQA6ADwARQBLAFIAXQBlAGwAbwBxAHMAdgB4AHoAfACGAJMAmACgAkwCTgJTAlwCZwJrAnkCgAKJApcCnAKfAqwCsQAAAAAAAAIBAAAAAAAAACgAAAAAAAAAAAAAAAAAAALD}}

@conference{onural2006assessment,
	Author = {Onural, L. and Sikora, T. and Ostermann, J. and Smolic, A. and Civanlar, MR and Watson, J.},
	Booktitle = {Proc. of NAB Broadcast Engineering Conf},
	Date-Added = {2010-01-20 15:06:43 +0800},
	Date-Modified = {2010-01-20 15:06:43 +0800},
	Pages = {456--467},
	Title = {{An assessment of 3DTV technologies}},
	Year = {2006},
	Bdsk-File-1 = {YnBsaXN0MDDUAQIDBAUIJidUJHRvcFgkb2JqZWN0c1gkdmVyc2lvblkkYXJjaGl2ZXLRBgdUcm9vdIABqAkKFRYXGyIjVSRudWxs0wsMDQ4RFFpOUy5vYmplY3RzV05TLmtleXNWJGNsYXNzog8QgASABqISE4ACgAOAB1lhbGlhc0RhdGFccmVsYXRpdmVQYXRo0hgNGRpXTlMuZGF0YU8RAa4AAAAAAa4AAgAAA01hYwAAAAAAAAAAAAAAAAAAAAAAAAAAAAAAAMeC9NJIKwAAADoN2QgyMDA2LnBkZgAAAAAAAAAAAAAAAAAAAAAAAAAAAAAAAAAAAAAAAAAAAAAAAAAAAAAAAAAAAAAAAAAAAAAAAAAAOg3pyDYFxAAAAAAAAAAAAAEAAwAACSAAAAAAAAAAAAAAAAAAAAAGT251cmFsABAACAAAx4KEUgAAABEACAAAyDWVRAAAAAEAIAA6DdkAOgzmADoMagA6DDsAOgv8AANRQwADRN4AAJD9AAIATU1hYzpVc2VyczplZHdhcmR0b2RheTpEZXNrdG9wOjNEIFByb2plY3Q6dGhlc2lzOm15X3RoZXNpczpyZWY6T251cmFsOjIwMDYucGRmAAAOABIACAAyADAAMAA2AC4AcABkAGYADwAIAAMATQBhAGMAEgBJVXNlcnMvZWR3YXJkdG9kYXkvRGVza3RvcC8zRCBQcm9qZWN0L3RoZXNpcy9teV90aGVzaXMvcmVmL09udXJhbC8yMDA2LnBkZgAAEwABLwAAFQACABL//wAAgAXSHB0eH1gkY2xhc3Nlc1okY2xhc3NuYW1lox8gIV1OU011dGFibGVEYXRhVk5TRGF0YVhOU09iamVjdF8QD09udXJhbC8yMDA2LnBkZtIcHSQloiUhXE5TRGljdGlvbmFyeRIAAYagXxAPTlNLZXllZEFyY2hpdmVyAAgAEQAWAB8AKAAyADUAOgA8AEUASwBSAF0AZQBsAG8AcQBzAHYAeAB6AHwAhgCTAJgAoAJSAlQCWQJiAm0CcQJ/AoYCjwKhAqYCqQK2ArsAAAAAAAACAQAAAAAAAAAoAAAAAAAAAAAAAAAAAAACzQ==}}

@article{merkle2007efficient,
	Author = {Merkle, P. and Smolic, A. and M{\"u}eller, K. and Wiegand, T.},
	Date-Added = {2010-01-20 15:01:48 +0800},
	Date-Modified = {2010-06-09 18:52:03 +0800},
	Journal = {IEEE Transactions on circuits and systems for video technology},
	Number = {11},
	Pages = {1461--1473},
	Title = {{Efficient prediction structures for multiview video coding}},
	Volume = {17},
	Year = {2007},
	Bdsk-File-1 = {YnBsaXN0MDDUAQIDBAUIJidUJHRvcFgkb2JqZWN0c1gkdmVyc2lvblkkYXJjaGl2ZXLRBgdUcm9vdIABqAkKFRYXGyIjVSRudWxs0wsMDQ4RFFpOUy5vYmplY3RzV05TLmtleXNWJGNsYXNzog8QgASABqISE4ACgAOAB1lhbGlhc0RhdGFccmVsYXRpdmVQYXRo0hgNGRpXTlMuZGF0YU8RAa4AAAAAAa4AAgAAA01hYwAAAAAAAAAAAAAAAAAAAAAAAAAAAAAAAMeC9NJIKwAAADoM9AgyMDA3LnBkZgAAAAAAAAAAAAAAAAAAAAAAAAAAAAAAAAAAAAAAAAAAAAAAAAAAAAAAAAAAAAAAAAAAAAAAAAAAOg0LyDYFowAAAAAAAAAAAAEAAwAACSAAAAAAAAAAAAAAAAAAAAAGTWVya2xlABAACAAAx4KEUgAAABEACAAAyDWVIwAAAAEAIAA6DPQAOgzmADoMagA6DDsAOgv8AANRQwADRN4AAJD9AAIATU1hYzpVc2VyczplZHdhcmR0b2RheTpEZXNrdG9wOjNEIFByb2plY3Q6dGhlc2lzOm15X3RoZXNpczpyZWY6TWVya2xlOjIwMDcucGRmAAAOABIACAAyADAAMAA3AC4AcABkAGYADwAIAAMATQBhAGMAEgBJVXNlcnMvZWR3YXJkdG9kYXkvRGVza3RvcC8zRCBQcm9qZWN0L3RoZXNpcy9teV90aGVzaXMvcmVmL01lcmtsZS8yMDA3LnBkZgAAEwABLwAAFQACABL//wAAgAXSHB0eH1gkY2xhc3Nlc1okY2xhc3NuYW1lox8gIV1OU011dGFibGVEYXRhVk5TRGF0YVhOU09iamVjdF8QD01lcmtsZS8yMDA3LnBkZtIcHSQloiUhXE5TRGljdGlvbmFyeRIAAYagXxAPTlNLZXllZEFyY2hpdmVyAAgAEQAWAB8AKAAyADUAOgA8AEUASwBSAF0AZQBsAG8AcQBzAHYAeAB6AHwAhgCTAJgAoAJSAlQCWQJiAm0CcQJ/AoYCjwKhAqYCqQK2ArsAAAAAAAACAQAAAAAAAAAoAAAAAAAAAAAAAAAAAAACzQ==}}

@article{smolic2007coding,
	Author = {Smolic, A. and M{\"u}eller, K. and Stefanoski, N. and Ostermann, J. and Gotchev, A. and Akar, G.B. and Triantafyllidis, G. and Koz, A.},
	Date-Added = {2010-01-20 14:54:30 +0800},
	Date-Modified = {2010-06-09 18:51:53 +0800},
	Journal = {IEEE transactions on circuits and systems for video technology},
	Number = {11},
	Pages = {1606--1620},
	Title = {{Coding algorithms for 3DTV---a survey}},
	Volume = {17},
	Year = {2007},
	Bdsk-File-1 = {YnBsaXN0MDDUAQIDBAUIJidUJHRvcFgkb2JqZWN0c1gkdmVyc2lvblkkYXJjaGl2ZXLRBgdUcm9vdIABqAkKFRYXGyIjVSRudWxs0wsMDQ4RFFpOUy5vYmplY3RzV05TLmtleXNWJGNsYXNzog8QgASABqISE4ACgAOAB1lhbGlhc0RhdGFccmVsYXRpdmVQYXRo0hgNGRpXTlMuZGF0YU8RAa4AAAAAAa4AAgAAA01hYwAAAAAAAAAAAAAAAAAAAAAAAAAAAAAAAMeC9NJIKwAAADoNmggyMDA3LnBkZgAAAAAAAAAAAAAAAAAAAAAAAAAAAAAAAAAAAAAAAAAAAAAAAAAAAAAAAAAAAAAAAAAAAAAAAAAAOg2qyDYFuAAAAAAAAAAAAAEAAwAACSAAAAAAAAAAAAAAAAAAAAAGU21vbGljABAACAAAx4KEUgAAABEACAAAyDWVOAAAAAEAIAA6DZoAOgzmADoMagA6DDsAOgv8AANRQwADRN4AAJD9AAIATU1hYzpVc2VyczplZHdhcmR0b2RheTpEZXNrdG9wOjNEIFByb2plY3Q6dGhlc2lzOm15X3RoZXNpczpyZWY6U21vbGljOjIwMDcucGRmAAAOABIACAAyADAAMAA3AC4AcABkAGYADwAIAAMATQBhAGMAEgBJVXNlcnMvZWR3YXJkdG9kYXkvRGVza3RvcC8zRCBQcm9qZWN0L3RoZXNpcy9teV90aGVzaXMvcmVmL1Ntb2xpYy8yMDA3LnBkZgAAEwABLwAAFQACABL//wAAgAXSHB0eH1gkY2xhc3Nlc1okY2xhc3NuYW1lox8gIV1OU011dGFibGVEYXRhVk5TRGF0YVhOU09iamVjdF8QD1Ntb2xpYy8yMDA3LnBkZtIcHSQloiUhXE5TRGljdGlvbmFyeRIAAYagXxAPTlNLZXllZEFyY2hpdmVyAAgAEQAWAB8AKAAyADUAOgA8AEUASwBSAF0AZQBsAG8AcQBzAHYAeAB6AHwAhgCTAJgAoAJSAlQCWQJiAm0CcQJ/AoYCjwKhAqYCqQK2ArsAAAAAAAACAQAAAAAAAAAoAAAAAAAAAAAAAAAAAAACzQ==}}

@book{richardson2003h,
	Address = {The Robert Gordon University, Aberdeen, UK},
	Author = {Richardson, I.E.G.},
	Date-Added = {2010-01-20 14:54:10 +0800},
	Date-Modified = {2010-06-10 14:30:23 +0800},
	Publisher = {John Wiley \& Sons Inc},
	Title = {{H. 264 and MPEG-4 video compression: video coding for next-generation multimedia}},
	Year = {2003},
	Bdsk-File-1 = {YnBsaXN0MDDUAQIDBAUIJidUJHRvcFgkb2JqZWN0c1gkdmVyc2lvblkkYXJjaGl2ZXLRBgdUcm9vdIABqAkKFRYXGyIjVSRudWxs0wsMDQ4RFFpOUy5vYmplY3RzV05TLmtleXNWJGNsYXNzog8QgASABqISE4ACgAOAB1lhbGlhc0RhdGFccmVsYXRpdmVQYXRo0hgNGRpXTlMuZGF0YU8RAboAAAAAAboAAgAAA01hYwAAAAAAAAAAAAAAAAAAAAAAAAAAAAAAAMeC9NJIKwAAADoNwwgyMDAzLnBkZgAAAAAAAAAAAAAAAAAAAAAAAAAAAAAAAAAAAAAAAAAAAAAAAAAAAAAAAAAAAAAAAAAAAAAAAAAAOg3UyDYFwwAAAAAAAAAAAAEAAwAACSAAAAAAAAAAAAAAAAAAAAAKUmljaGFyZHNvbgAQAAgAAMeChFIAAAARAAgAAMg1lUMAAAABACAAOg3DADoM5gA6DGoAOgw7ADoL/AADUUMAA0TeAACQ/QACAFFNYWM6VXNlcnM6ZWR3YXJkdG9kYXk6RGVza3RvcDozRCBQcm9qZWN0OnRoZXNpczpteV90aGVzaXM6cmVmOlJpY2hhcmRzb246MjAwMy5wZGYAAA4AEgAIADIAMAAwADMALgBwAGQAZgAPAAgAAwBNAGEAYwASAE1Vc2Vycy9lZHdhcmR0b2RheS9EZXNrdG9wLzNEIFByb2plY3QvdGhlc2lzL215X3RoZXNpcy9yZWYvUmljaGFyZHNvbi8yMDAzLnBkZgAAEwABLwAAFQACABL//wAAgAXSHB0eH1gkY2xhc3Nlc1okY2xhc3NuYW1lox8gIV1OU011dGFibGVEYXRhVk5TRGF0YVhOU09iamVjdF8QE1JpY2hhcmRzb24vMjAwMy5wZGbSHB0kJaIlIVxOU0RpY3Rpb25hcnkSAAGGoF8QD05TS2V5ZWRBcmNoaXZlcgAIABEAFgAfACgAMgA1ADoAPABFAEsAUgBdAGUAbABvAHEAcwB2AHgAegB8AIYAkwCYAKACXgJgAmUCbgJ5An0CiwKSApsCsQK2ArkCxgLLAAAAAAAAAgEAAAAAAAAAKAAAAAAAAAAAAAAAAAAAAt0=}}

@article{meenderinck2009parallel,
	Author = {Meenderinck, C. and Azevedo, A. and Juurlink, B. and Alvarez Mesa, M. and Ramirez, A.},
	Date-Added = {2010-01-20 14:53:32 +0800},
	Date-Modified = {2010-01-20 14:53:32 +0800},
	Journal = {Journal of Signal Processing Systems},
	Number = {2},
	Pages = {173--194},
	Publisher = {Springer},
	Title = {{Parallel scalability of video decoders}},
	Volume = {57},
	Year = {2009},
	Bdsk-File-1 = {YnBsaXN0MDDUAQIDBAUIJidUJHRvcFgkb2JqZWN0c1gkdmVyc2lvblkkYXJjaGl2ZXLRBgdUcm9vdIABqAkKFRYXGyIjVSRudWxs0wsMDQ4RFFpOUy5vYmplY3RzV05TLmtleXNWJGNsYXNzog8QgASABqISE4ACgAOAB1lhbGlhc0RhdGFccmVsYXRpdmVQYXRo0hgNGRpXTlMuZGF0YU8RAbwAAAAAAbwAAgAAA01hYwAAAAAAAAAAAAAAAAAAAAAAAAAAAAAAAMeC9NJIKwAAADoNVggyMDA5LnBkZgAAAAAAAAAAAAAAAAAAAAAAAAAAAAAAAAAAAAAAAAAAAAAAAAAAAAAAAAAAAAAAAAAAAAAAAAAAOg1myDYFqwAAAAAAAAAAAAEAAwAACSAAAAAAAAAAAAAAAAAAAAALTWVlbmRlcmluY2sAABAACAAAx4KEUgAAABEACAAAyDWVKwAAAAEAIAA6DVYAOgzmADoMagA6DDsAOgv8AANRQwADRN4AAJD9AAIAUk1hYzpVc2VyczplZHdhcmR0b2RheTpEZXNrdG9wOjNEIFByb2plY3Q6dGhlc2lzOm15X3RoZXNpczpyZWY6TWVlbmRlcmluY2s6MjAwOS5wZGYADgASAAgAMgAwADAAOQAuAHAAZABmAA8ACAADAE0AYQBjABIATlVzZXJzL2Vkd2FyZHRvZGF5L0Rlc2t0b3AvM0QgUHJvamVjdC90aGVzaXMvbXlfdGhlc2lzL3JlZi9NZWVuZGVyaW5jay8yMDA5LnBkZgATAAEvAAAVAAIAEv//AACABdIcHR4fWCRjbGFzc2VzWiRjbGFzc25hbWWjHyAhXU5TTXV0YWJsZURhdGFWTlNEYXRhWE5TT2JqZWN0XxAUTWVlbmRlcmluY2svMjAwOS5wZGbSHB0kJaIlIVxOU0RpY3Rpb25hcnkSAAGGoF8QD05TS2V5ZWRBcmNoaXZlcgAIABEAFgAfACgAMgA1ADoAPABFAEsAUgBdAGUAbABvAHEAcwB2AHgAegB8AIYAkwCYAKACYAJiAmcCcAJ7An8CjQKUAp0CtAK5ArwCyQLOAAAAAAAAAgEAAAAAAAAAKAAAAAAAAAAAAAAAAAAAAuA=}}

@conference{sun2007optimization,
	Author = {Sun, L. and Liang, K. and Yang, S. and Zhong, Y.},
	Booktitle = {Advances in Multimedia Modeling: 13th International Multimedia Modeling Conference, MMM 2007, Singapore, January 9-12, 2007: Proceedings},
	Date-Added = {2010-01-19 22:58:54 +0800},
	Date-Modified = {2010-01-19 22:58:54 +0800},
	Organization = {Springer Verlag},
	Pages = {23},
	Title = {{Optimization of System Performance for DVC Applications with Energy Constraints over Ad Hoc Networks}},
	Year = {2007},
	Bdsk-File-1 = {YnBsaXN0MDDUAQIDBAUIJidUJHRvcFgkb2JqZWN0c1gkdmVyc2lvblkkYXJjaGl2ZXLRBgdUcm9vdIABqAkKFRYXGyIjVSRudWxs0wsMDQ4RFFpOUy5vYmplY3RzV05TLmtleXNWJGNsYXNzog8QgASABqISE4ACgAOAB1lhbGlhc0RhdGFccmVsYXRpdmVQYXRo0hgNGRpXTlMuZGF0YU8RAaQAAAAAAaQAAgAAA01hYwAAAAAAAAAAAAAAAAAAAAAAAAAAAAAAAMeC9NJIKwAAADoOGggyMDA3LnBkZgAAAAAAAAAAAAAAAAAAAAAAAAAAAAAAAAAAAAAAAAAAAAAAAAAAAAAAAAAAAAAAAAAAAAAAAAAAOg4qyDYFxwAAAAAAAAAAAAEAAwAACSAAAAAAAAAAAAAAAAAAAAADU3VuAAAQAAgAAMeChFIAAAARAAgAAMg1lUcAAAABACAAOg4aADoM5gA6DGoAOgw7ADoL/AADUUMAA0TeAACQ/QACAEpNYWM6VXNlcnM6ZWR3YXJkdG9kYXk6RGVza3RvcDozRCBQcm9qZWN0OnRoZXNpczpteV90aGVzaXM6cmVmOlN1bjoyMDA3LnBkZgAOABIACAAyADAAMAA3AC4AcABkAGYADwAIAAMATQBhAGMAEgBGVXNlcnMvZWR3YXJkdG9kYXkvRGVza3RvcC8zRCBQcm9qZWN0L3RoZXNpcy9teV90aGVzaXMvcmVmL1N1bi8yMDA3LnBkZgATAAEvAAAVAAIAEv//AACABdIcHR4fWCRjbGFzc2VzWiRjbGFzc25hbWWjHyAhXU5TTXV0YWJsZURhdGFWTlNEYXRhWE5TT2JqZWN0XFN1bi8yMDA3LnBkZtIcHSQloiUhXE5TRGljdGlvbmFyeRIAAYagXxAPTlNLZXllZEFyY2hpdmVyAAgAEQAWAB8AKAAyADUAOgA8AEUASwBSAF0AZQBsAG8AcQBzAHYAeAB6AHwAhgCTAJgAoAJIAkoCTwJYAmMCZwJ1AnwChQKSApcCmgKnAqwAAAAAAAACAQAAAAAAAAAoAAAAAAAAAAAAAAAAAAACvg==}}

@conference{cheng2007generation,
	Author = {Cheng, X. and Sun, L. and Yang, S.},
	Booktitle = {IEEE International Conference on Image Processing, 2007. ICIP 2007},
	Date-Added = {2010-01-19 22:57:33 +0800},
	Date-Modified = {2010-01-19 22:57:33 +0800},
	Title = {{Generation of layered depth images from multi-view video}},
	Volume = {5},
	Year = {2007},
	Bdsk-File-1 = {YnBsaXN0MDDUAQIDBAUIJidUJHRvcFgkb2JqZWN0c1gkdmVyc2lvblkkYXJjaGl2ZXLRBgdUcm9vdIABqAkKFRYXGyIjVSRudWxs0wsMDQ4RFFpOUy5vYmplY3RzV05TLmtleXNWJGNsYXNzog8QgASABqISE4ACgAOAB1lhbGlhc0RhdGFccmVsYXRpdmVQYXRo0hgNGRpXTlMuZGF0YU8RAaoAAAAAAaoAAgAAA01hYwAAAAAAAAAAAAAAAAAAAAAAAAAAAAAAAMeC9NJIKwAAADoNQQgyMDA3LnBkZgAAAAAAAAAAAAAAAAAAAAAAAAAAAAAAAAAAAAAAAAAAAAAAAAAAAAAAAAAAAAAAAAAAAAAAAAAAOg1RyDYFqAAAAAAAAAAAAAEAAwAACSAAAAAAAAAAAAAAAAAAAAAFQ2hlbmcAABAACAAAx4KEUgAAABEACAAAyDWVKAAAAAEAIAA6DUEAOgzmADoMagA6DDsAOgv8AANRQwADRN4AAJD9AAIATE1hYzpVc2VyczplZHdhcmR0b2RheTpEZXNrdG9wOjNEIFByb2plY3Q6dGhlc2lzOm15X3RoZXNpczpyZWY6Q2hlbmc6MjAwNy5wZGYADgASAAgAMgAwADAANwAuAHAAZABmAA8ACAADAE0AYQBjABIASFVzZXJzL2Vkd2FyZHRvZGF5L0Rlc2t0b3AvM0QgUHJvamVjdC90aGVzaXMvbXlfdGhlc2lzL3JlZi9DaGVuZy8yMDA3LnBkZgATAAEvAAAVAAIAEv//AACABdIcHR4fWCRjbGFzc2VzWiRjbGFzc25hbWWjHyAhXU5TTXV0YWJsZURhdGFWTlNEYXRhWE5TT2JqZWN0XkNoZW5nLzIwMDcucGRm0hwdJCWiJSFcTlNEaWN0aW9uYXJ5EgABhqBfEA9OU0tleWVkQXJjaGl2ZXIACAARABYAHwAoADIANQA6ADwARQBLAFIAXQBlAGwAbwBxAHMAdgB4AHoAfACGAJMAmACgAk4CUAJVAl4CaQJtAnsCggKLApoCnwKiAq8CtAAAAAAAAAIBAAAAAAAAACgAAAAAAAAAAAAAAAAAAALG}}

@conference{pang2007spatial,
	Author = {Pang, Y. and Sun, L. and Guo, S. and Yang, S.},
	Booktitle = {IEEE 9th Workshop on Multimedia Signal Processing, 2007. MMSP 2007},
	Date-Added = {2010-01-19 22:57:11 +0800},
	Date-Modified = {2010-01-19 22:57:11 +0800},
	Pages = {441--444},
	Title = {{Spatial and Temporal Data Parallelization of Multi-view Video Encoding Algorithm}},
	Year = {2007},
	Bdsk-File-1 = {YnBsaXN0MDDUAQIDBAUIJidUJHRvcFgkb2JqZWN0c1gkdmVyc2lvblkkYXJjaGl2ZXLRBgdUcm9vdIABqAkKFRYXGyIjVSRudWxs0wsMDQ4RFFpOUy5vYmplY3RzV05TLmtleXNWJGNsYXNzog8QgASABqISE4ACgAOAB1lhbGlhc0RhdGFccmVsYXRpdmVQYXRo0hgNGRpXTlMuZGF0YU8RAagAAAAAAagAAgAAA01hYwAAAAAAAAAAAAAAAAAAAAAAAAAAAAAAAMeC9NJIKwAAADoNawgyMDA3LnBkZgAAAAAAAAAAAAAAAAAAAAAAAAAAAAAAAAAAAAAAAAAAAAAAAAAAAAAAAAAAAAAAAAAAAAAAAAAAOg19yDYFtQAAAAAAAAAAAAEAAwAACSAAAAAAAAAAAAAAAAAAAAAEUGFuZwAQAAgAAMeChFIAAAARAAgAAMg1lTUAAAABACAAOg1rADoM5gA6DGoAOgw7ADoL/AADUUMAA0TeAACQ/QACAEtNYWM6VXNlcnM6ZWR3YXJkdG9kYXk6RGVza3RvcDozRCBQcm9qZWN0OnRoZXNpczpteV90aGVzaXM6cmVmOlBhbmc6MjAwNy5wZGYAAA4AEgAIADIAMAAwADcALgBwAGQAZgAPAAgAAwBNAGEAYwASAEdVc2Vycy9lZHdhcmR0b2RheS9EZXNrdG9wLzNEIFByb2plY3QvdGhlc2lzL215X3RoZXNpcy9yZWYvUGFuZy8yMDA3LnBkZgAAEwABLwAAFQACABL//wAAgAXSHB0eH1gkY2xhc3Nlc1okY2xhc3NuYW1lox8gIV1OU011dGFibGVEYXRhVk5TRGF0YVhOU09iamVjdF1QYW5nLzIwMDcucGRm0hwdJCWiJSFcTlNEaWN0aW9uYXJ5EgABhqBfEA9OU0tleWVkQXJjaGl2ZXIACAARABYAHwAoADIANQA6ADwARQBLAFIAXQBlAGwAbwBxAHMAdgB4AHoAfACGAJMAmACgAkwCTgJTAlwCZwJrAnkCgAKJApcCnAKfAqwCsQAAAAAAAAIBAAAAAAAAACgAAAAAAAAAAAAAAAAAAALD}}

@conference{zhang2008igridmedia,
	Author = {Zhang, M. and Sun, L. and Xi, X. and Yang, S.},
	Booktitle = {IEEE Global Telecommunications Conference, 2008. IEEE GLOBECOM 2008},
	Date-Added = {2010-01-19 22:56:06 +0800},
	Date-Modified = {2010-01-19 22:56:06 +0800},
	Pages = {1--5},
	Title = {{iGridMedia: Providing Delay-Guaranteed Peer-to-Peer Live Streaming Service on Internet}},
	Year = {2008},
	Bdsk-File-1 = {YnBsaXN0MDDUAQIDBAUIJidUJHRvcFgkb2JqZWN0c1gkdmVyc2lvblkkYXJjaGl2ZXLRBgdUcm9vdIABqAkKFRYXGyIjVSRudWxs0wsMDQ4RFFpOUy5vYmplY3RzV05TLmtleXNWJGNsYXNzog8QgASABqISE4ACgAOAB1lhbGlhc0RhdGFccmVsYXRpdmVQYXRo0hgNGRpXTlMuZGF0YU8RAaoAAAAAAaoAAgAAA01hYwAAAAAAAAAAAAAAAAAAAAAAAAAAAAAAAMeC9NJIKwAAADoOSAgyMDA4LnBkZgAAAAAAAAAAAAAAAAAAAAAAAAAAAAAAAAAAAAAAAAAAAAAAAAAAAAAAAAAAAAAAAAAAAAAAAAAAOg5hyDYF3gAAAAAAAAAAAAEAAwAACSAAAAAAAAAAAAAAAAAAAAAFWmhhbmcAABAACAAAx4KEUgAAABEACAAAyDWVXgAAAAEAIAA6DkgAOgzmADoMagA6DDsAOgv8AANRQwADRN4AAJD9AAIATE1hYzpVc2VyczplZHdhcmR0b2RheTpEZXNrdG9wOjNEIFByb2plY3Q6dGhlc2lzOm15X3RoZXNpczpyZWY6Wmhhbmc6MjAwOC5wZGYADgASAAgAMgAwADAAOAAuAHAAZABmAA8ACAADAE0AYQBjABIASFVzZXJzL2Vkd2FyZHRvZGF5L0Rlc2t0b3AvM0QgUHJvamVjdC90aGVzaXMvbXlfdGhlc2lzL3JlZi9aaGFuZy8yMDA4LnBkZgATAAEvAAAVAAIAEv//AACABdIcHR4fWCRjbGFzc2VzWiRjbGFzc25hbWWjHyAhXU5TTXV0YWJsZURhdGFWTlNEYXRhWE5TT2JqZWN0XlpoYW5nLzIwMDgucGRm0hwdJCWiJSFcTlNEaWN0aW9uYXJ5EgABhqBfEA9OU0tleWVkQXJjaGl2ZXIACAARABYAHwAoADIANQA6ADwARQBLAFIAXQBlAGwAbwBxAHMAdgB4AHoAfACGAJMAmACgAk4CUAJVAl4CaQJtAnsCggKLApoCnwKiAq8CtAAAAAAAAAIBAAAAAAAAACgAAAAAAAAAAAAAAAAAAALG}}

@article{chen-delay,
	Author = {Chen, Z. and Zhang, M. and Sun, L. and Yang, S.},
	Date-Added = {2010-01-19 22:49:37 +0800},
	Date-Modified = {2010-01-19 22:53:01 +0800},
	Journal = {IEEE ISCAS2009},
	Title = {{Delay-Guaranteed Interactive Multiview Video Streaming}},
	Volume = {5},
	Year = {2009},
	Bdsk-File-1 = {YnBsaXN0MDDUAQIDBAUIJidUJHRvcFgkb2JqZWN0c1gkdmVyc2lvblkkYXJjaGl2ZXLRBgdUcm9vdIABqAkKFRYXGyIjVSRudWxs0wsMDQ4RFFpOUy5vYmplY3RzV05TLmtleXNWJGNsYXNzog8QgASABqISE4ACgAOAB1lhbGlhc0RhdGFccmVsYXRpdmVQYXRo0hgNGRpXTlMuZGF0YU8RAagAAAAAAagAAgAAA01hYwAAAAAAAAAAAAAAAAAAAAAAAAAAAAAAAMeC9NJIKwAAADoOaAgyMDA5LnBkZgAAAAAAAAAAAAAAAAAAAAAAAAAAAAAAAAAAAAAAAAAAAAAAAAAAAAAAAAAAAAAAAAAAAAAAAAAAOg54yDYF4QAAAAAAAAAAAAEAAwAACSAAAAAAAAAAAAAAAAAAAAAEQ2hlbgAQAAgAAMeChFIAAAARAAgAAMg1lWEAAAABACAAOg5oADoM5gA6DGoAOgw7ADoL/AADUUMAA0TeAACQ/QACAEtNYWM6VXNlcnM6ZWR3YXJkdG9kYXk6RGVza3RvcDozRCBQcm9qZWN0OnRoZXNpczpteV90aGVzaXM6cmVmOkNoZW46MjAwOS5wZGYAAA4AEgAIADIAMAAwADkALgBwAGQAZgAPAAgAAwBNAGEAYwASAEdVc2Vycy9lZHdhcmR0b2RheS9EZXNrdG9wLzNEIFByb2plY3QvdGhlc2lzL215X3RoZXNpcy9yZWYvQ2hlbi8yMDA5LnBkZgAAEwABLwAAFQACABL//wAAgAXSHB0eH1gkY2xhc3Nlc1okY2xhc3NuYW1lox8gIV1OU011dGFibGVEYXRhVk5TRGF0YVhOU09iamVjdF1DaGVuLzIwMDkucGRm0hwdJCWiJSFcTlNEaWN0aW9uYXJ5EgABhqBfEA9OU0tleWVkQXJjaGl2ZXIACAARABYAHwAoADIANQA6ADwARQBLAFIAXQBlAGwAbwBxAHMAdgB4AHoAfACGAJMAmACgAkwCTgJTAlwCZwJrAnkCgAKJApcCnAKfAqwCsQAAAAAAAAIBAAAAAAAAACgAAAAAAAAAAAAAAAAAAALD}}

@article{zhang2007understanding,
	Author = {Zhang, M. and Zhang, Q. and Sun, L. and Yang, S.},
	Date-Added = {2010-01-19 22:48:32 +0800},
	Date-Modified = {2010-01-19 22:48:32 +0800},
	Journal = {IEEE journal on selected areas in communications},
	Number = {9},
	Pages = {1678},
	Publisher = {Citeseer},
	Title = {{Understanding the power of pull-based streaming protocol: Can we do better?}},
	Volume = {25},
	Year = {2007},
	Bdsk-File-1 = {YnBsaXN0MDDUAQIDBAUIJidUJHRvcFgkb2JqZWN0c1gkdmVyc2lvblkkYXJjaGl2ZXLRBgdUcm9vdIABqAkKFRYXGyIjVSRudWxs0wsMDQ4RFFpOUy5vYmplY3RzV05TLmtleXNWJGNsYXNzog8QgASABqISE4ACgAOAB1lhbGlhc0RhdGFccmVsYXRpdmVQYXRo0hgNGRpXTlMuZGF0YU8RAaoAAAAAAaoAAgAAA01hYwAAAAAAAAAAAAAAAAAAAAAAAAAAAAAAAMeC9NJIKwAAADoOSAgyMDA3LnBkZgAAAAAAAAAAAAAAAAAAAAAAAAAAAAAAAAAAAAAAAAAAAAAAAAAAAAAAAAAAAAAAAAAAAAAAAAAAOg5gyDYF3gAAAAAAAAAAAAEAAwAACSAAAAAAAAAAAAAAAAAAAAAFWmhhbmcAABAACAAAx4KEUgAAABEACAAAyDWVXgAAAAEAIAA6DkgAOgzmADoMagA6DDsAOgv8AANRQwADRN4AAJD9AAIATE1hYzpVc2VyczplZHdhcmR0b2RheTpEZXNrdG9wOjNEIFByb2plY3Q6dGhlc2lzOm15X3RoZXNpczpyZWY6Wmhhbmc6MjAwNy5wZGYADgASAAgAMgAwADAANwAuAHAAZABmAA8ACAADAE0AYQBjABIASFVzZXJzL2Vkd2FyZHRvZGF5L0Rlc2t0b3AvM0QgUHJvamVjdC90aGVzaXMvbXlfdGhlc2lzL3JlZi9aaGFuZy8yMDA3LnBkZgATAAEvAAAVAAIAEv//AACABdIcHR4fWCRjbGFzc2VzWiRjbGFzc25hbWWjHyAhXU5TTXV0YWJsZURhdGFWTlNEYXRhWE5TT2JqZWN0XlpoYW5nLzIwMDcucGRm0hwdJCWiJSFcTlNEaWN0aW9uYXJ5EgABhqBfEA9OU0tleWVkQXJjaGl2ZXIACAARABYAHwAoADIANQA6ADwARQBLAFIAXQBlAGwAbwBxAHMAdgB4AHoAfACGAJMAmACgAk4CUAJVAl4CaQJtAnsCggKLApoCnwKiAq8CtAAAAAAAAAIBAAAAAAAAACgAAAAAAAAAAAAAAAAAAALG}}

@article{zhang2009optimizing,
	Author = {Zhang, M. and Xiong, Y. and Zhang, Q. and Sun, L. and Yang, S.},
	Date-Added = {2010-01-19 22:46:39 +0800},
	Date-Modified = {2010-01-19 22:46:39 +0800},
	Journal = {IEEE Transactions on Parallel and Distributed Systems},
	Pages = {97--110},
	Publisher = {IEEE Computer Society},
	Title = {{Optimizing the throughput of data-driven peer-to-peer streaming}},
	Year = {2009},
	Bdsk-File-1 = {YnBsaXN0MDDUAQIDBAUIJidUJHRvcFgkb2JqZWN0c1gkdmVyc2lvblkkYXJjaGl2ZXLRBgdUcm9vdIABqAkKFRYXGyIjVSRudWxs0wsMDQ4RFFpOUy5vYmplY3RzV05TLmtleXNWJGNsYXNzog8QgASABqISE4ACgAOAB1lhbGlhc0RhdGFccmVsYXRpdmVQYXRo0hgNGRpXTlMuZGF0YU8RAbAAAAAAAbAAAgAAA01hYwAAAAAAAAAAAAAAAAAAAAAAAAAAAAAAAMeC9NJIKwAAADoOSAkyMDA5YS5wZGYAAAAAAAAAAAAAAAAAAAAAAAAAAAAAAAAAAAAAAAAAAAAAAAAAAAAAAAAAAAAAAAAAAAAAAAAAOg5jyDYF3wAAAAAAAAAAAAEAAwAACSAAAAAAAAAAAAAAAAAAAAAFWmhhbmcAABAACAAAx4KEUgAAABEACAAAyDWVXwAAAAEAIAA6DkgAOgzmADoMagA6DDsAOgv8AANRQwADRN4AAJD9AAIATU1hYzpVc2VyczplZHdhcmR0b2RheTpEZXNrdG9wOjNEIFByb2plY3Q6dGhlc2lzOm15X3RoZXNpczpyZWY6Wmhhbmc6MjAwOWEucGRmAAAOABQACQAyADAAMAA5AGEALgBwAGQAZgAPAAgAAwBNAGEAYwASAElVc2Vycy9lZHdhcmR0b2RheS9EZXNrdG9wLzNEIFByb2plY3QvdGhlc2lzL215X3RoZXNpcy9yZWYvWmhhbmcvMjAwOWEucGRmAAATAAEvAAAVAAIAEv//AACABdIcHR4fWCRjbGFzc2VzWiRjbGFzc25hbWWjHyAhXU5TTXV0YWJsZURhdGFWTlNEYXRhWE5TT2JqZWN0XxAPWmhhbmcvMjAwOWEucGRm0hwdJCWiJSFcTlNEaWN0aW9uYXJ5EgABhqBfEA9OU0tleWVkQXJjaGl2ZXIACAARABYAHwAoADIANQA6ADwARQBLAFIAXQBlAGwAbwBxAHMAdgB4AHoAfACGAJMAmACgAlQCVgJbAmQCbwJzAoECiAKRAqMCqAKrArgCvQAAAAAAAAIBAAAAAAAAACgAAAAAAAAAAAAAAAAAAALP}}

@article{pang2009framework,
	Author = {Pang, Y. and Sun, L. and Wen, J. and Zhang, F. and Hu, W. and Feng, W. and Yang, S.},
	Date-Added = {2010-01-19 22:43:37 +0800},
	Date-Modified = {2010-06-09 20:02:47 +0800},
	Journal = {IEEE Transactions on Circuits and Systems for Video Technology},
	Number = {11},
	Pages = {1658--1666},
	Title = {{A framework for heuristic scheduling for parallel processing on multicore architecture: a case study with multiview video coding}},
	Volume = {19},
	Year = {2009},
	Bdsk-File-1 = {YnBsaXN0MDDUAQIDBAUIJidUJHRvcFgkb2JqZWN0c1gkdmVyc2lvblkkYXJjaGl2ZXLRBgdUcm9vdIABqAkKFRYXGyIjVSRudWxs0wsMDQ4RFFpOUy5vYmplY3RzV05TLmtleXNWJGNsYXNzog8QgASABqISE4ACgAOAB1lhbGlhc0RhdGFccmVsYXRpdmVQYXRo0hgNGRpXTlMuZGF0YU8RAagAAAAAAagAAgAAA01hYwAAAAAAAAAAAAAAAAAAAAAAAAAAAAAAAMeC9NJIKwAAADoNawgyMDA5LnBkZgAAAAAAAAAAAAAAAAAAAAAAAAAAAAAAAAAAAAAAAAAAAAAAAAAAAAAAAAAAAAAAAAAAAAAAAAAAOg5iyDYF3gAAAAAAAAAAAAEAAwAACSAAAAAAAAAAAAAAAAAAAAAEUGFuZwAQAAgAAMeChFIAAAARAAgAAMg1lV4AAAABACAAOg1rADoM5gA6DGoAOgw7ADoL/AADUUMAA0TeAACQ/QACAEtNYWM6VXNlcnM6ZWR3YXJkdG9kYXk6RGVza3RvcDozRCBQcm9qZWN0OnRoZXNpczpteV90aGVzaXM6cmVmOlBhbmc6MjAwOS5wZGYAAA4AEgAIADIAMAAwADkALgBwAGQAZgAPAAgAAwBNAGEAYwASAEdVc2Vycy9lZHdhcmR0b2RheS9EZXNrdG9wLzNEIFByb2plY3QvdGhlc2lzL215X3RoZXNpcy9yZWYvUGFuZy8yMDA5LnBkZgAAEwABLwAAFQACABL//wAAgAXSHB0eH1gkY2xhc3Nlc1okY2xhc3NuYW1lox8gIV1OU011dGFibGVEYXRhVk5TRGF0YVhOU09iamVjdF1QYW5nLzIwMDkucGRm0hwdJCWiJSFcTlNEaWN0aW9uYXJ5EgABhqBfEA9OU0tleWVkQXJjaGl2ZXIACAARABYAHwAoADIANQA6ADwARQBLAFIAXQBlAGwAbwBxAHMAdgB4AHoAfACGAJMAmACgAkwCTgJTAlwCZwJrAnkCgAKJApcCnAKfAqwCsQAAAAAAAAIBAAAAAAAAACgAAAAAAAAAAAAAAAAAAALD}}

@comment{BibDesk Static Groups{
<?xml version="1.0" encoding="UTF-8"?>
<!DOCTYPE plist PUBLIC "-//Apple//DTD PLIST 1.0//EN" "http://www.apple.com/DTDs/PropertyList-1.0.dtd">
<plist version="1.0">
<array>
	<dict>
		<key>group name</key>
		<string>Lifeng Sun recent publications</string>
		<key>keys</key>
		<string>zhang2009optimizing,zhang2008igridmedia,pang2007spatial,chen-delay,sun2007optimization,pang2009framework,cheng2007generation,zhang2007understanding</string>
	</dict>
	<dict>
		<key>group name</key>
		<string>Resources</string>
		<key>keys</key>
		<string>meenderinck2009parallel,smolic2007coding,richardson2003h</string>
	</dict>
</array>
</plist>
}}
